@misc{AndroidDeveloperSite2016, 
  title={Documentação Site Android Developer}, 
  author={Android Developer Site}, 
  howpublished = {\url{https://developer.android.com}},
  year={2016},
  note = {Last accessed at 27/10/2016}
}

@misc{AdaptersPreussler2016, 
  title={Writing Better Adapters}, 
  author={Preussler, Danny}, 
  year={2016},
  howpublished = {\url{https://medium.com/\@dpreussler/writing-better-adapters-1b09758407d2\#.tbvvw3krr}},
  note = {Last accessed at 27/10/2016}
}

@misc{UITecMundo2016, 
  title={A história da Interface Gráfica}, 
  author={TecMundo}, 
  howpublished = {\url{http://www.tecmundo.com.br/historia/9528-a-historia-da-interface-grafica.htm}},
  note = {Last accessed at 26/10/2016}
}

@misc{UIWikipedia2016, 
  title={Interface do Utilizador}, 
  author={Wikipedia}, 
  howpublished = {\url{https://pt.wikipedia.org/wiki/Interface_do_utilizador}},
  note = {Last accessed at 26/10/2016}
}

@book{GUIRaymond2004, 
  title={The Art of Unix Usability}, 
  author={Raymond, Eric Steven}, 
  year={2004},
  howpublished = {\url{http://www.catb.org/~esr/writings/taouu/html}},
  note = {Last accessed at 26/10/2016}
}

@ARTICLE{Mantyla2013,
  author = {Roberto Minelli and Michele Lanza},
  title = {Software analytics for mobile applications, insights \& lessons learned},
  journal = {In Proceedings of the 2013 17th European Conference on Software Maintenance and Reengineering},
  year = {2013}
}

@book{gof,
  author = {Gamma, E. and Helm, R. and Johnson, R. and Vlissides, J.},
  publisher = {Addison Wesley, Boston},
  series = {Professional Computing Series},
  title = {Design Patterns: Elements of Reusable Object-Oriented Software},
  year = 1995
}

@MISC{AndroidActivities2016,
  title = {Activities},
  howpublished = {\url{https://developer.android.com/guide/components/activities.html}},
  note = {Last accessed at 29/08/2016}
}

@MISC{PMD2016,
  title = {PMD (2016)},
  year = {2016},
  howpublished = {\url{https://pmd.github.io/}},
  note = {Last accessed at 29/08/2016}
}

@MISC{Sonarqube2016,
  title = {Sonarqube (2016)},
  year = {2016},
  howpublished = {\url{http://www.sonarqube.org/}},
  note = {Last accessed at 29/08/2016}
}

@article{TsantalisChaikalis2008, 
  title={JDeodorant: Identification and removal of type-checking bad smells}, 
  url={http://ieeexplore.ieee.org/xpls/abs_all.jsp?arnumber=4493342}, 
  DOI={10.1109/CSMR.2008.4493342}, 
  author={Tsantalis, N and Chaikalis, T}, 
  year={2008}
}

@article{Hecht2015, 
  title={An Approach to Detect Android Antipatterns}, 
  DOI={10.1109/ICSE.2015.243}, 
  publisher={ieee}, 
  author={Hecht, Geoffrey}, 
  year={2015}, 
  pages={766–768}
}

@article{FinavaroAniche2016, 
  title={Architectural Roles in Code Metric Assessment and Code Smell Detection}, 
  note={Regras Arquiteturais na Avaliação de Métricas de Código e Detecção de Maus Cheiros Regras Arquiteturais na Avaliação de Métricas de Código e Detecção de Maus Cheiros}, 
  author={Aniche, Maurício and Gerosa, Marco and Paulo, São and -INPE, Bullet and Sant, Bullet and -ufba, Anna},
  year = {2016},
}

@article{ReimannBrylski2013, 
  title={A Tool-Supported Quality Smell Catalogue For Android Developers}, 
  author={Reimann, Jan and Brylski, Martin},
  year = {2013},
}

@article{Mannan_Dig_Ahmed_Jensen_Abdullah_Almurshed, 
  title={Understanding Code Smells in Android Applications}, 
  DOI={10.1145/2897073.2897094}, 
  author={Mannan, Umme and Dig, Danny and Ahmed, Iftekhar and Jensen, Carlos and Abdullah, Rana and Almurshed, M}
}

@article{DomainMatters, 
  title={Domain Matters: Bringing Further Evidence of the Relationships among Anti-patterns, Application Domains, and Quality-Related Metrics in Java Mobile Apps}, 
  author={Linares-Vásquez, Mario and Klock, Sam and Mcmillan, Collin and Sabané, Aminata and Poshyvanyk, Denys and Guéhéneuc, Yann-Gaël}
}

@MISC{WikiAndroid,
  title = {Wikipedia Android},
  howpublished = {\url{https://pt.wikipedia.org/wiki/Android}},
  note = {Last accessed at 30/08/2016}
}

@MISC{AndroidStudio,
  title = {Android Studio},
  howpublished = {\url{https://developer.android.com/studio/index.html}},
  note = {Last accessed at 30/08/2016}
}

@MISC{WikiAndroidRuntime,
  title = {Wikipedia Android Runtime},  
  howpublished = {\url{https://en.wikipedia.org/wiki/Android_Runtime}},
  note = {Last accessed at 30/08/2016}
}

% Optional fields: author, title, howpublished, month, year, note
@MISC{AndroidRuntimeDalvikArtExplained,
  title = {Android: entenda as diferenças entre o ART e o Dalvik},
  howpublished = {\url{http://www.tecmundo.com.br/android/54387-android-entenda-diferencas-entre-art-o-dalvik.htm}},
  note = {Last accessed at 30/08/2016} 
}

% Ref boas práticas
@book{alur2003core,
  title={Core J2EE Patterns: Best Practices and Design Strategies},
  author={Alur, D. and Crupi, J. and Malks, D.},
  isbn={9780131422469},
  lccn={2004266715},
  series={Core Series},
  url={https://books.google.com.br/books?id=1dx34EMVyi8C},
  year={2003},
  publisher={Prentice Hall PTR}
}

% Ref boas práticas
@book{rozanski2012software,
  title={Software Systems Architecture: Working with Stakeholders Using Viewpoints and Perspectives},
  author={Rozanski, N. and Woods, E.},
  isbn={9780321718334},
  lccn={2011040253},
  url={https://books.google.com.br/books?id=ka4QO9kXQFUC},
  year={2012},
  publisher={Addison-Wesley}
}

% Ref boas práticas
@book{gamma1994design,
  title={Design Patterns: Elements of Reusable Object-Oriented Software (Adobe Reader)},
  author={Gamma, E. and Helm, R. and Johnson, R. and Vlissides, J.},
  isbn={9780321700698},
  url={https://books.google.com.br/books?id=6oHuKQe3TjQC},
  year={1994},
  publisher={Pearson Education}
}

@misc{AndroidFundamentals, 
  title={Andriod Fundamentals}, 
  author={Android Developer Site}, 
  howpublished = {\url{https://developer.android.com/guide/components/fundamentals.html}},
  note = {Last accessed at 04/09/2016},
}

@misc{AndroidPlatformArchitecture, 
  title={Plataform Architecture}, 
  author={Android Developer Site}, 
  howpublished = {\url{https://developer.android.com/guide/platform/index.html}},
  note = {Last accessed at 04/09/2016},
}

@misc{AndroidResourcesOverview, 
  title={Resources Overview}, 
  author={Developer Android Site}, 
  year={2016},
  howpublished = {\url{https://developer.android.com/guide/topics/resources/overview.html}},
  note = {Last accessed at 08/09/2016},
}

@misc{ElaboracaoPesquisa, 
  title={A ELABORAÇÃO DE QUESTIONÁRIOS NA PESQUISA QUANTITATIVA}, 
  author={Manzato, Antonio J. e Santos, Adriana B.}, 
  howpublished = {\url{http://www.inf.ufsc.br/~vera.carmo/Ensino_2012_1/ELABORACAO_QUESTIONARIOS_PESQUISA_QUANTITATIVA.pdf}},
  note = {Last accessed at 12/09/2016},
}


@misc{AndroidResourceType, 
  title={Resource Type}, 
  author={Android Developer Site}, 
  year={2016},
  howpublished = {\url{https://developer.android.com/guide/topics/resources/available-resources.html}},
  note = {Last accessed at 12/09/2016},
}

@misc{AndroidUIOverview, 
  title={UI Overview}, 
  author={Android Developer Site}, 
  year={2016},
  howpublished = {\url{https://developer.android.com/guide/topics/ui/overview.html}},
  note = {Last accessed at 23/10/2016},
}

@misc{AndroidLayouts, 
  title={Layouts}, 
  author={Android Developer Site}, 
  year={2016},
  howpublished = {\url{https://developer.android.com/guide/topics/ui/declaring-layout.html}},
  note = {Last accessed at 23/10/2016},
}

@misc{AndroidUIEvents, 
  title={UI Events}, 
  author={Android Developer Site}, 
  year={2016},
  howpublished = {\url{https://developer.android.com/guide/topics/ui/ui-events.html}},
  note = {Last accessed at 23/10/2016},
}

% --------------- rever bibliografias abaixo se mantém, estão duplicadas ou não

@book{Gamma:1995:DPE:186897,
  author = {Gamma, Erich and Helm, Richard and Johnson, Ralph and Vlissides, John},
  title = {Design Patterns: Elements of Reusable Object-oriented Software},
  year = {1995},
  isbn = {0-201-63361-2},
  publisher = {Addison-Wesley Longman Publishing Co., Inc.},
  address = {Boston, MA, USA},
} 

@book{RefactoringFowler1999,
  title = {Refactoring: Improving the Design of Existing Code},
  year = {1999},
  isbn = {0-201-48567-2},
  publisher = {Addison-Wesley Longman Publishing Co., Inc.},
  address = {Boston, MA, USA},
} 

% God Class
@book{riel1996object,
  title={Object-oriented Design Heuristics},
  author={Riel, A.J.},
  isbn={9780201633856},
  lccn={lc95048396},
  url={https://books.google.com.br/books?id=oHkhAQAAIAAJ},
  year={1996},
  publisher={Addison-Wesley Publishing Company}
}

@PHDTHESIS{MobileSmells:13,
  title={Code Smells in the Mobile Applications Domain},
  author={Dani\"el Verloop},
  year={2013},
  school={TU Delft, Delft University of Technology}
}

@PHDTHESIS{RefactoringAndImprovements:10,
  title={Evaluation and Improvement of Software Architecture: Identification of Design Problems in Object-Oriented Systems and Resolution through Refactorings},
  author={Nikolaos Tsantalis},
  month = Aug,
  year={2010},
  school={University of Macedonia}
}

@ARTICLE{MvcSmells:16,
  author = {Maurício Aniche and Bavota G. and Treude C. and Van Deursen A. and Gerosa M.},
  title = {A Validated Set of Smells in Model-View-Controller Architectures},
  year = {2016}
}

@MISC{CodeSmell:06,
  author = {Martin Fowler},
  title = {Code Smell},
  howpublished = {\url{http://martinfowler.com/bliki/CodeSmell.html}},
  year = {2006},
  month = Feb,
}

@MISC{ProcessoPesquisa:04,
  author = {M\'arcia R. T. L. Malheiros},
  title = {O Processo de Pesquisa na Gradua\c c\~ao},
  pages = {27},
  year = {2004},
  howpublished = {\url{http://www.profwillian.com/_diversos/download/prof/marciarita/pesquisa_na_graduacao.pdf}},
  note = {Last accessed at 20/07/2016}
}

@MISC{TipoPesquisa:01,
  author = {Marco A. Togatlian},
  title = {Tipos de Pesquisa},
  year = {2001},
  howpublished = {\url{http://www.togatlian.pro.br/docs/pos/unesa/tipos.pdf}},
  note = {Last accessed at 20/07/2016}
}

@BOOK{Refactoring:99,
  author = {Martin Fowler},
  title = {Refactoring. Improving the Design of Existing Code},
  publisher = {Addison-Wesley},
  year = {1999}
}

@ARTICLE{SmartSociety:13,
  author = {Muhammad Sarwar and Tariq R. Soomro},
  title = {Impact of Smartphone's on Society},
  journal = {European Journal of Scientific Research},
  year = {2013},
  month = Mar,
  volume = {98},
  number = {2},
  pages = {216-226},
  note = {\url{http://www.europeanjournalofscientificresearch.com}},
}

% Mobile Apps (market shares, apps qt and downloads) -----------------------------------------------------------

% 84,1% Android Marketshare
@MISC{MobileMarketShares:16,
  title = {Gartner Says Worldwide Smartphone Sales Grew 3.9 Percent in First Quarter of 2016},
  howpublished = {\url{http://www.gartner.com/newsroom/id/3323017}},
  month = May,
  year = {2016},
  note = {Last accessed at 23/07/2016}
}

% Mobile Marketshare até 2015 (ref não usada)
@MISC{MobileMarketShareIDC:15,
  title = {Smartphone OS Market Share, 2015 Q2},
  howpublished = {\url{http://www.idc.com/prodserv/smartphone-os-market-share.jsp}},
  year = {2015},
  note = {Last accessed at 26/07/2016}
}

% 83,7% Android Marketshare até 2016
@MISC{GrowthForecastIDC:16,
  title = {Worldwide Smartphone Growth Forecast to Slow to 3.1\% in 2016 as Focus Shifts to Device Lifecycles, According to IDC},
  howpublished = {\url{http://www.idc.com/getdoc.jsp?containerId=prUS41425416}},
  month = Jun,
  year = {2016},
  note = {Last accessed at 23/07/2016}
}

% 
@MISC{SmartphoneSales:09-16,
  title = {Global smartphone sales to end users from 1st quarter 2009 to 1st quarter 2016, by operating system (in million units)},
  year = {2016},
  publisher = {Statista.com},
  howpublished = {\url{http://www.statista.com/statistics/266219/global-smartphone-sales-since-1st-quarter-2009-by-operating-system/}},
  note = {Last accessed at 24/07/2016}
}
% 
@MISC{PercentSmartphoneSales:09-16,
  title = {Global mobile OS market share in sales to end users from 1st quarter 2009 to 1st quarter 2016)},
  year = {2016},
  publisher = {Statista.com},
  howpublished = {\url{http://www.statista.com/statistics/266136/global-market-share-held-by-smartphone-operating-systems/}},
  note = {Last accessed at 24/07/2016}
}
% 
@MISC{AppInPlayStore:09-16,
  title = {Number of available applications in the Google Play Store from December 2009 to February 2016},
  year = {2016},
  publisher = {Statista.com},
  howpublished = {\url{http://www.statista.com/statistics/266210/number-of-available-applications-in-the-google-play-store/}},
  note = {Last accessed at 24/07/2016}
}

% Adroid Auto, TV SmartWtatch
@MISC{AndroidAuto:16,
  title = {Ford ter\'a Apple CarPlay e Android Auto em todos os modelos nos EUA},
  year = {2016},
  howpublished = {\url{http://g1.globo.com/carros/noticia/2016/07/ford-tera-apple-carplay-e-android-auto-em-todos-os-modelos-nos-eua.html}},
  note = {Last accessed at 26/07/2016}
}

% 
@MISC{AndroidSmart:14,
  title = {Google Android software spreading to cars, watches, TV},
  month = Jun,
  year = {2014},
  howpublished = {\url{http://phys.org/news/2014-06-google-android-software-cars-tv.html}},
  note = {Last accessed at 26/07/2016}
}

% Downaload de apps
% 
@MISC{AppAnnie:16,
  title = {App Annie Index Market Q1 2016: China Takes Japan’s \#2 Spot for iOS Revenue},
  month = Apr,
  year = {2016},
  howpublished = {\url{https://www.appannie.com/insights/market-data/app-annie-index-market-q1-2016/}},
  note = {Last accessed at 30/08/2016}
}

% Android Device/Brand fragmentation
@MISC{AndroidFragmentation,
  title = {Android Fragmentation Visualized},
  month = Aug,
  year = {2015},
  howpublished = {\url{http://opensignal.com/reports/2015/08/android-fragmentation/}},
  note = {Last accessed at 12/09/2016}
}