This file was created with JabRef 2.2.
Encoding: UTF-8

% --------- my refs ------------ 


% ------------------------------

@INPROCEEDINGS{Boella2002,
  author = {Guido Boella and Rossana Damiano},
  title = {A Replanning Algorithm for a Reactive Agent Architecture},
  booktitle = {AIMSA},
  year = {2002},
  pages = {183-192},
  journal = {Atificial Intelligence: Methodology, Systems, and Applications},
  owner = {david},
  timestamp = {2007.11.21}
}

@INPROCEEDINGS{Adi2004,
  author = {Adi Botea and Martin M{\"u}ller and Jonathan Schaeffer},
  title = {Using Component Abstraction for Automatic Generation of Macro-Actions},
  booktitle = {ICAPS},
  year = {2004},
  pages = {181-190},
  journal = {International Conference on Automatic Planning and Scheduling},
  owner = {david},
  timestamp = {2007.11.21}
}

@INPROCEEDINGS{Henry1999,
  author = {Henry A. Kautz and Bart Selman},
  title = {Unifying SAT-based and Graph-based Planning},
  booktitle = {IJCAI},
  year = {1999},
  pages = {318-325},
  crossref = {DBLP:conf/ijcai/99},
  owner = {david},
  timestamp = {2007.12.07}
}

@INPROCEEDINGS{Sven1995,
  author = {Sven Koenig and Richard Goodwin and Reid G. Simmons},
  title = {Robot Navigation with Markov Models: A Framework for Path Planning
	and Learning with Limited Computational Resources},
  booktitle = {Reasoning with Uncertainty in Robotics},
  year = {1995},
  pages = {322-337},
  owner = {david},
  timestamp = {2007.12.14}
}

@INPROCEEDINGS{Anthony1993,
  author = {Anthony Lazanas and Jean-Claude Latombe},
  title = {Landmark-Based Robot Motion Planning},
  booktitle = {Geometric Reasoning for Perception and Action},
  year = {1993},
  pages = {69-83},
  crossref = {DBLP:conf/grpa/1991},
  owner = {david},
  timestamp = {2007.12.07}
}

@INPROCEEDINGS{Stephane1999,
  author = {Stephane Leroy and Jean-Paul Laumond and Thierry Sim{\'e}on},
  title = {Multiple Path Coordination for Mobile Robots: A Geometric Algorithm},
  booktitle = {IJCAI},
  year = {1999},
  pages = {1118-1123},
  crossref = {DBLP:conf/ijcai/99},
  owner = {david},
  timestamp = {2007.12.07}
}

@INPROCEEDINGS{Martin2002,
  author = {Martin L. Leuschen and Joseph R. Cavallaro and Ian D. Walker},
  title = {Robotic Fault Detection using Nonlinear Analytical Redundancy},
  booktitle = {ICRA},
  year = {2002},
  crossref = {DBLP:conf/icra/2002},
  owner = {david},
  timestamp = {2007.12.07}
}

@INPROCEEDINGS{H'ector2001,
  author = {H{\'e}ctor Mu{\~n}oz-Avila and David W. Aha and Dana S. Nau and Rosina
	Weber and Len Breslow and Fusun Yaman},
  title = {SiN: Integrating Case-based Reasoning with Task Decomposition},
  booktitle = {IJCAI},
  year = {2001},
  pages = {999-1004},
  crossref = {DBLP:conf/ijcai/2001},
  owner = {david},
  timestamp = {2007.12.07}
}

@INPROCEEDINGS{Nau1999,
  author = {Dana S. Nau and Yue Cao and Amnon Lotem and H{\'e}ctor Mu{\~n}oz-Avila},
  title = {SHOP: Simple Hierarchical Ordered Planner},
  booktitle = {IJCAI},
  year = {1999},
  pages = {968-975},
  owner = {david},
  timestamp = {2008.01.03}
}

@INPROCEEDINGS{Cesar1999,
  author = {Cesar Ortega-Sanchez and Andrew M. Tyrrell},
  title = {Reliability Analysis in Self-Repairing Embryonic Systems},
  booktitle = {Evolvable Hardware},
  year = {1999},
  pages = {120-128},
  crossref = {DBLP:conf/eh/1999},
  owner = {david},
  timestamp = {2007.12.07}
}

@INPROCEEDINGS{Renato1998,
  author = {Renato Tin{\'o}s and Marco H. Terra},
  title = {Fault Detection and Isolation in Robotic Manipulators and the Radial
	Basis Function Network Trained by the Kohonen's Self-Organizing Map},
  booktitle = {SBRN},
  year = {1998},
  pages = {85-90},
  crossref = {DBLP:conf/sbrn/1998},
  owner = {david},
  timestamp = {2007.12.07}
}

@INPROCEEDINGS{Tyrrell1999,
  author = {Andrew M. Tyrrell},
  title = {Computer Know Thy Self!: A Biological Way to Look at Fault-Tolerance},
  booktitle = {EUROMICRO},
  year = {1999},
  pages = {2129},
  crossref = {DBLP:conf/euromicro/1999},
  owner = {david},
  timestamp = {2007.12.07}
}

@ARTICLE{Bacchus2001,
  author = {Fahiem Bacchus},
  title = {The AIPS'00 planning competition},
  year = {2001},
  volume = {22 (3)},
  pages = {47-56},
  owner = {david},
  timestamp = {2008.03.25},
  url = {http://cib.bau.tu-dresden.de/~cibadmin/Literatur/documents/Kuenstliche-Intelligenz/Planung/Tutorial-I/planning-c24.pdf}
}

@INPROCEEDINGS{J'erome1994,
  author = {J{\'e}r{\^o}me Barraquand and Pierre Ferbach},
  title = {Path Planning Through Variational Dynamic Programming},
  booktitle = {ICRA},
  year = {1994},
  pages = {1839-1846},
  owner = {david},
  timestamp = {2007.12.07}
}

@ARTICLE{Blum1997,
  author = {Avrim Blum and 
	
	Merrick L. Furst},
  title = {Fast Planning Through Planning Graph Analysis},
  journal = {Artificial Intelligence},
  year = {1997},
  volume = {90},
  pages = {281-300},
  owner = {david},
  timestamp = {2007.11.21}
}

@INPROCEEDINGS{Avrim1995,
  author = {Avrim Blum and
	
	Merrick L. Furst},
  title = {Fast Planning Through Planning Graph Analysis},
  booktitle = {IJCAI},
  year = {1995},
  pages = {1636-1642},
  owner = {david},
  timestamp = {2007.12.07}
}

@ARTICLE{DBLP:journals/ai/BonetG01,
  author = {Blai Bonet and
	
	Hector Geffner},
  title = {Planning as heuristic search},
  journal = {Artificial Intelligence},
  year = {2001},
  volume = {129},
  pages = {5-33},
  owner = {david},
  timestamp = {2008.03.14}
}

@INPROCEEDINGS{Bonet2000,
  author = {Blai Bonet and Hector Geffner},
  title = {Planning with Incomplete Information as Heuristic Search in Belief
	Space},
  booktitle = {AIPS},
  year = {2000},
  pages = {52-61},
  journal = {AIPS},
  owner = {david},
  timestamp = {2007.11.21}
}

@ARTICLE{Bylander1994,
  author = {Tom Bylander},
  title = {The Computational Complexity of Propositional STRIPS Planning},
  journal = {Artificial Intelligence},
  year = {1994},
  volume = {69 (1-2)},
  pages = {165-204},
  owner = {david},
  timestamp = {2007.12.07}
}

@MASTERSTHESIS{Cardoso2006,
  author = {Luciana Seda Cardoso},
  title = {Aplica\c c\~ao da tecnologia de agentes de planejamento em opera\c
	c\~oes de sat\'elites},
  school = {Instituto Nacional de Pesquisas Espaciais},
  year = {2006},
  abstract = {A busca de solução de automatização aplicada às operações espaciais
	é uma necessidade mundial para diminuir os custos das missões. No
	Instituto Nacional de Pesquisas Espaciais (INPE) uma grande parte
	das atividades de operação dos satélites é ainda feita de forma manual.
	Por isso, encontrar caminhos de automatização das atividades de operação
	de satélites do INPE é de extrema importância para conseguir manter
	o bom desempenho nas operações de rastreio dos satélites mesmo com
	a escassez de recursos financeiros disponíveis. Com este enfoque
	voltado à automatização de operações espaciais, este trabalho propõe
	uma arquitetura de um sistema de Planejamento Inteligente de Planos
	de Operação de Vôo (PlanIPOV) que emprega a tecnologia de planejamento
	da Inteligência Artificial (IA) na geração automática dos Planos
	de Operação de Vôo (POVs) para a fase operacional de rotina de satélites
	artificiais. O sistema PlanIPOV tem como propostas o uso da Linguagem
	de Definição do Domínio de Planejamento (PDDL) para modelagem da
	base de conhecimento do domínio de rastreio de satélites e também
	a geração automática dos arquivos de problemas. Um protótipo foi
	desenvolvido baseado na arquitetura PlanIPOV usando a linguagem PDDL2.2
	e o planejador Local Searching for Planning Timed initial literal
	and Derived predicates (LPG-TD). Este protótipo foi testado para
	o domínio de rastreio dos satélites atualmente controlados pelo INPE:
	SCD1, SCD2 e CBERS2. Os POVs gerados pelo protótipo foram comparados
	com os POVs reais e os resultados obtidos foram satisfatórios. Durante
	o desenvolvimento da base de conhecimento e do protótipo, foram encontradas
	algumas limitações na aplicação da tecnologia de planejamento e soluções
	alternativas tiveram que ser adotadas para possibilitar a geração
	automática de POVs. Adicionalmente, esta pesquisa produziu um processo
	para a modelagem de uma base de conhecimento para um problema de
	planejamento genérico e um framework de classes que tem como objetivo
	gerar arquivos de problemas de forma automática.},
  keywords = {COMPUTAÇÃO APLICADA
	
	Inteligência artificial
	
	Planejamento
	
	Planos de vôo
	
	Representação do conhecimento
	
	Projeto de sistemas computacionais
	
	COMPUTER SCIENCE
	
	Artificial inteligence
	
	Planning
	
	Flight plans
	
	Knowledge representation
	
	Computer systems design},
  owner = {david},
  timestamp = {2008.02.25},
  url = {http://bibdigital.sid.inpe.br/rep-/sid.inpe.br/MTC-m13@80/2006/05.04.17.36}
}

@ARTICLE{Cardoso2006a,
  author = {Luciana Seda Cardoso and
	
	Valcir Orlando and
	
	Maur\'icio Gon\c calves Vieira Ferreira and
	
	Adriana Carniello Biancho},
  title = {Aplica\c c\~ao da tecnologia de planejamento em opera\c c\~oes de
	sat\'elites},
  journal = {VII Simp\'osio Brasileiro de Automa\c c\~ao Iteligente (SBAI)},
  year = {2006},
  owner = {david},
  timestamp = {2008.02.29}
}

@MASTERSTHESIS{Castro2005,
  author = {Claus de Castro Aranha},
  title = {Sistema de Substitui\c c\~ao: uma t\'ecnica reativa para auto-reparo
	e auto-diagn\'ostico de planos},
  school = {Instituto de Computa\c c\~ao - Universidade Estadual de Campinas},
  year = {2005},
  owner = {david},
  timestamp = {2007.11.21}
}

@ARTICLE{Chapman1987,
  author = {David Chapman},
  title = {Planning for Conjunctive Goals},
  journal = {Artificial Intelligence},
  year = {1987},
  volume = {32 (3)},
  pages = {333-377},
  owner = {david},
  timestamp = {2007.12.07}
}

@ARTICLE{Ken1991,
  author = {Ken Currie and Austin Tate},
  title = {O-Plan: The open Planning Architecture},
  journal = {O-Plan: The open Planning Architecture},
  year = {1991},
  volume = {52 (1)},
  pages = {49-86},
  owner = {david},
  timestamp = {2007.12.07}
}

@ARTICLE{Kabhampati2005,
  author = {Wiliam Cushing and Subarao Kabhampati},
  title = {Replanning: a New Perspective},
  journal = {International Conference on Automated Planning and Scheduling},
  year = {2005},
  owner = {david},
  timestamp = {2007.11.21}
}

@ARTICLE{Drabble1997,
  author = {Drabble and Dalton and Tate, A.},
  title = {Repairing plans on the fly},
  journal = {NASA Workshop on planning and Scheduling for Space},
  year = {1997},
  owner = {david},
  timestamp = {2007.11.21}
}

@INPROCEEDINGS{Draper1994,
  author = {Denise Draper and Steve Hanks and Daniel S. Weld},
  title = {Probabilistic Planning with Information Gathering and Contingent
	Execution},
  booktitle = {AIPS},
  year = {1994},
  pages = {31-36},
  journal = {AIPS},
  owner = {david},
  timestamp = {2007.11.21}
}

@INPROCEEDINGS{S.2004,
  author = {S. Edelkamp and J. Hoffmann},
  title = {PDDL 2.2: The Language for Classical Part of the 4th International
	Planning Competition},
  year = {2004},
  owner = {david},
  timestamp = {2007.12.07}
}

@ARTICLE{Erol1994,
  author = {Kutluhan Erol and J. Hendler and Dana S. Nau},
  title = {Semantics for hierarchical task network planning},
  year = {1994},
  owner = {david},
  timestamp = {2007.11.21}
}

@ARTICLE{Kutluhan1995,
  author = {Kutluhan Erol and Dana S. Nau and V. S. Subrahmanian},
  title = {Complexity, Decidability and Undecidability Results for Domain-Independent
	Planning},
  journal = {Artificial Intelligence},
  year = {1995},
  volume = {76 /91-2)},
  pages = {75-88},
  owner = {david},
  timestamp = {2007.12.07}
}

@INPROCEEDINGS{Richard1971,
  author = {Richard Fikes and Nils J. Nilsson},
  title = {STRIPS: A New Approach to the Application of Theorem Proving to Problem
	Solving},
  booktitle = {IJCAI},
  year = {1971},
  pages = {608-620},
  owner = {david},
  timestamp = {2007.12.07}
}

@BOOK{Martin2000,
  title = {UML Essencial},
  publisher = {Addison Wesley Longman, Inc},
  year = {2000},
  editor = {Bookman},
  author = {Martin Fowler and Kendall Scott},
  edition = {2},
  owner = {david},
  timestamp = {2007.12.27}
}

@ARTICLE{Maria2003,
  author = {Maria Fox and Derek Long},
  title = {PDDL 2.1: An Extension to PDDL for Expressing Temporal Planning Domains},
  journal = {JAIR},
  year = {2003},
  volume = {20},
  pages = {61-124},
  owner = {david},
  timestamp = {2007.12.07}
}

@INPROCEEDINGS{A.2005,
  author = {A. Gerevini and D. Long},
  title = {Plan Constraints and Preferences in PDDL3 - The Language of Fifth
	International Planning Competition},
  year = {2005},
  owner = {david},
  timestamp = {2007.12.07}
}

@INPROCEEDINGS{Gerevini2000,
  author = {Alfonso Gerevini and Ivan Serina},
  title = {Fast Plan Adaptation through Planning Graphs: Local and Systematic
	Search Techniques},
  booktitle = {AIPS},
  year = {2000},
  pages = {112-121},
  journal = {AI Planning Systems},
  owner = {david},
  timestamp = {2007.11.21}
}

@BOOK{Malik2004,
  title = {Automated Planning: Theory and Practice},
  publisher = {Morgan-Kauffman Publishers},
  year = {2004},
  author = {Malik Ghallab and Dana S. Nau and Paolo Traverso},
  owner = {david},
  timestamp = {2007.11.21}
}

@ARTICLE{S.1995,
  author = {Steve Hanks and Daniel S. Weld},
  title = {A Domain-Independent Algorithm for Plan Adaptation},
  journal = {CoRR - Journal of Artificial Intelligence Research},
  year = {1995},
  volume = {cs.AI/9501102},
  pages = {319-360},
  owner = {david},
  timestamp = {2007.11.21}
}

@ARTICLE{Hansen2001,
  author = {Eric A. Hansen and Shlomo Zilberstein},
  title = {LAO$^{\mbox{*}}$: A heuristic search algorithm that finds solutions
	with loops},
  journal = {Artificial Intelligence},
  year = {2001},
  volume = {129},
  pages = {35-62},
  owner = {david},
  timestamp = {2007.11.21}
}

@ARTICLE{Hart1968,
  author = {Peter E. Hart and Nils J. Nilsson and Bertram Raphael},
  title = {A formal basis for the heuristic determination of minimum cost paths},
  journal = {IEEE Transactions on Systems Science and Cybernetics},
  year = {1968},
  volume = {SSC-4},
  pages = {100--107},
  number = {2},
  abstract = {Although the problem of determining the minimum cost path through
	a graph arises naturally in a number of interesting applications,
	there has been no underlying theory to guide the development of efficient
	search procedures. Moreover, there is no adequate conceptual framework
	within which the various ad hoc search strategies proposed to date
	can be compared. This paper describes how heuristic information from
	the problem domain can be incorporated into a formal mathematical
	theory of graph searching and demonstrates an optimality property
	of a class of search strategies.},
  owner = {david},
  timestamp = {2008.01.04}
}

@ARTICLE{DBLP:journals/jair/HoffmannN01,
  author = {J{\"o}rg Hoffmann and
	
	Bernhard Nebel},
  title = {The FF Planning System: Fast Plan Generation Through Heuristic Search},
  journal = {J. Artif. Intell. Res. (JAIR)},
  year = {2001},
  volume = {14},
  pages = {253-302},
  owner = {david},
  timestamp = {2008.03.14}
}

@ARTICLE{Yong1992,
  author = {Yong K. Hwang and
	
	Narendra Ahuja},
  title = {Gross Motion Planning - A Survey},
  journal = {ACM Comput. Surv.},
  year = {1992},
  volume = {24 (3)},
  pages = {219-291},
  owner = {david},
  timestamp = {2007.12.07}
}

@ARTICLE{Ambros1988,
  author = {Ambros Ingerson and S. Steel},
  title = {Integratirig planning, execution and monitoring},
  journal = {Conference on Artificial Intelligence},
  year = {1988},
  owner = {david},
  timestamp = {2007.11.21}
}

@INPROCEEDINGS{DBLP:conf/aaai/JoslinP94,
  author = {David Joslin and
	
	Martha E. Pollack},
  title = {Least-Cost Flaw Repair: A Plan Refinement Strategy for Partial-Order
	Planning},
  booktitle = {AAAI},
  year = {1994},
  pages = {1004-1009},
  owner = {david},
  timestamp = {2008.03.18}
}

@ARTICLE{Kambhampati1997,
  author = {Subbarao Kambhampati},
  title = {Refinement Planning as a Unifying Framework for Plan Synthesis},
  journal = {AI Magazine},
  year = {1997},
  volume = {18},
  pages = {67-97},
  owner = {david},
  timestamp = {2007.11.21}
}

@ARTICLE{Subbarao1995,
  author = {Subbarao Kambhampati and Craig A. Knoblock and Qiang Yang},
  title = {Planning as Refinement Search: A Unified Framework for Evaluating
	Design Tradeoffs in Partial-Order Planning},
  journal = {Artif. Intell.},
  year = {1995},
  volume = {76},
  pages = {167-238},
  number = {1-2},
  owner = {david},
  timestamp = {2007.12.12}
}

@INPROCEEDINGS{Lydia1994,
  author = {Lydia E. Kavraki and Jean-Claude Latombe},
  title = {Randomized Preprocessing of Configuration Space for Fast Path Planning},
  booktitle = {ICRA},
  year = {1994},
  pages = {2138-2145},
  owner = {david},
  timestamp = {2007.12.07}
}

@INPROCEEDINGS{Keith1998,
  author = {Keith Kotay and Daniela Rus and Marsette Vona and Craig McGray},
  title = {The Self-Reconfiguring Robotic Molecule},
  booktitle = {ICRA},
  year = {1998},
  pages = {424-431},
  owner = {david},
  timestamp = {2007.12.07}
}

@PHDTHESIS{Roman2005phd,
  author = {Roman van der Krogt},
  title = {Plan Repair in Single-Agent and Multi-Agent Systems},
  school = {Delft University of Technology},
  year = {2005},
  address = {Delft, The Netherlands},
  month = {Dezembro},
  owner = {david},
  timestamp = {2007.12.30},
  url = {http://www.st.ewi.tudelft.nl/%7Erenze/pubs/PhD_Krogt_2005.ps}
}

@ARTICLE{Roman2001,
  author = {Roman van der Krogt and A. Bos and C. Witteveen},
  title = {Plan fragment libraries},
  journal = {Belgium-Netherlands Artificial Intelligence Conference},
  year = {2001},
  owner = {david},
  timestamp = {2007.11.21}
}

@INPROCEEDINGS{Roman2005,
  author = {Roman van der Krogt and Mathijs M. de Weerdt},
  title = {Plan Repair as an Extension of Planning},
  booktitle = {ICAPS},
  year = {2005},
  pages = {161-170},
  journal = {ICAPS},
  owner = {david},
  timestamp = {2007.11.21}
}

@ARTICLE{Roman2004,
  author = {Roman van der Krogt and Mathijs M. de Weerdt},
  title = {The two faces of plan repair},
  journal = {Proceedings of the BNAIC},
  year = {2004},
  pages = {147--154},
  owner = {david},
  timestamp = {2007.11.21}
}

@INPROCEEDINGS{RomanWeerdt2004,
  author = {Roman van der Krogt and Mathijs M. de Weerdt},
  title = {Plan Repair: A Framework and a New Heuristic with Applications to
	Logistics},
  booktitle = {Proceedings of the 8th TRAIL Congress},
  year = {2004},
  group = {ALG},
  location = {Rotterdam, The Netherlands},
  owner = {david},
  project = {CABS},
  timestamp = {2007.12.30},
  url = {http://www.st.ewi.tudelft.nl/%7Erenze/pubs/KrogtWeerdt_TRAIL2004.ps}
}

@MASTERSTHESIS{Lago2002,
  author = {Silvio do Lago Pereira},
  title = {Planejamento Abdutivo no C\'alculo de Eventos},
  school = {Instituto de Matem\'atica e Estat\'istica - Universidade de S\~ao
	Paulo},
  year = {2002},
  owner = {david},
  timestamp = {2008.01.03},
  url = {http://www.ime.usp.br/dcc/posgrad/teses/slago.ps.gz}
}

@ARTICLE{LaValle2000,
  author = {Steven M. LaValle},
  title = {Robot Motion Planning: A Game-Theoretic Foundation},
  journal = {Algorithmica},
  year = {2000},
  volume = {26 (3-4)},
  pages = {430-465},
  owner = {david},
  timestamp = {2007.12.07}
}

@ARTICLE{Mason1993,
  author = {Matthew T. Mason},
  title = {Kicking the Sensing Habit},
  journal = {AI Magazine},
  year = {1993},
  volume = {14 (1)},
  pages = {58-59},
  owner = {david},
  timestamp = {2007.12.07}
}

@ARTICLE{McDermott2000,
  author = {Drew McDermott},
  title = {The 1998 AI planning systems competition},
  journal = {AI Magazine},
  year = {2000},
  volume = {2},
  pages = {21},
  owner = {david},
  timestamp = {2008.03.25}
}

@INPROCEEDINGS{McDermott1998,
  author = {Drew McDermott},
  title = {The PDDL Planning Domain Definition Language},
  booktitle = {AIPS},
  year = {1998},
  owner = {david},
  timestamp = {2007.12.07}
}

@TECHREPORT{McDermott1998a,
  author = {Drew McDermott and
	
	AIPS'98 Planning Competition Committee},
  title = {PDDL - the planning domain definition language},
  year = {1998},
  owner = {david},
  timestamp = {2008.03.25},
  url = {www.cs.yale.edu/homes/dvm}
}

@INPROCEEDINGS{Nareyek2003,
  author = {Alexander Nareyek},
  title = {Planning in Dynamic Worlds: More Than External Events},
  booktitle = {IJCAI},
  year = {2003},
  pages = {30-35},
  journal = {IJCAI},
  owner = {david},
  timestamp = {2007.11.21}
}

@INPROCEEDINGS{Nareyek1998,
  author = {Alexander Nareyek},
  title = {A Planning Model for Agents in Dynamic and Uncertain Real-Time Environments},
  booktitle = {AIPS},
  year = {1998},
  pages = {7-14},
  owner = {david},
  timestamp = {2007.11.21}
}

@INPROCEEDINGS{Dana1995,
  author = {Dana S. Nau and Satyandra K. Gupta and William C. Regli},
  title = {AI Planning Versus Manufacturing-Operation Planning: A Case Study},
  booktitle = {IJCAI},
  year = {1995},
  pages = {1670-1676},
  owner = {david},
  timestamp = {2007.12.07}
}

@INPROCEEDINGS{Bernhard1993,
  author = {Bernhard Nebel and Jana Koehler},
  title = {Plan Modification versus Plan Generation: A Complexity-Theoretic
	Perspective},
  booktitle = {IJCAI},
  year = {1993},
  pages = {1436-1444},
  journal = {IJCAI},
  owner = {david},
  timestamp = {2007.11.21}
}

@INPROCEEDINGS{Newell1961,
  author = {Allen Newell and H. A. Simon},
  title = {GPS, a program that simulates human thought},
  booktitle = {Lernende Automaten},
  year = {1961},
  pages = {109-124},
  owner = {david},
  timestamp = {2008.01.04}
}

@INPROCEEDINGS{Pednault1989,
  author = {Edwin P. D. Pednault},
  title = {ADL: Exploring the Middle Ground Between STRIPS and the Situation
	Calculus},
  booktitle = {KR},
  year = {1989},
  pages = {324-332},
  owner = {david},
  timestamp = {2007.12.07}
}

@INPROCEEDINGS{DBLP:conf/kr/PenberthyW92,
  author = {J. Scott Penberthy and
	
	Daniel S. Weld},
  title = {UCPOP: A Sound, Complete, Partial Order Planner for ADL},
  booktitle = {KR},
  year = {1992},
  pages = {103-114},
  owner = {david},
  timestamp = {2008.03.14},
  url = {www.cs.washington.edu/homes/weld/papers/ucpop-kr92.pdf}
}

@INPROCEEDINGS{DBLP:conf/aaai/PeotS93,
  author = {Mark A. Peot and
	
	David E. Smith},
  title = {Threat-Removal Strategies for Partial-Order Planning},
  booktitle = {AAAI},
  year = {1993},
  owner = {david},
  timestamp = {2008.03.18}
}

@MASTERSTHESIS{Perseke2003,
  author = {Aldebaran Perseke},
  title = {Topologia de estados em planejamento com vari\'aveis num\'ericas},
  school = {Instituto de Matem\'atica e Estat\'istica da Universidasde de S\~ao
	Paulo},
  year = {2003},
  owner = {david},
  timestamp = {2008.02.29},
  url = {http://www.ime.usp.br/~aldeba/doc/dissertacao.ps.gz}
}

@ARTICLE{Erwin2000,
  author = {Erwin Prassler and Arno Ritter and Christoph Schaeffer and Paolo
	Fiorini},
  title = {A Short History of Cleaning Robots},
  journal = {Auton. Robots},
  year = {2000},
  volume = {9 (3)},
  pages = {211-226},
  owner = {david},
  timestamp = {2007.12.07}
}

@ARTICLE{Rabideau1999,
  author = {Rabideau, G. and
	
	Knight, R. and
	
	Chien, S. and
	
	Fukunaga, A. and 
	
	Govindjee, A.},
  title = {Iterative Repair Planning for Spacecraft Operations Using the ASPEN
	System},
  journal = {Artificial Intelligence, Robotics and Automation in Space, Proceedings
	of the Fifth International Symposium, ISAIRAS '99, held 1-3 June,
	1999 in ESTEC, Noordwijk, the Netherlands. Edited by M. Perry. Paris:
	European Space Agency.},
  year = {1999},
  volume = {ESA SP-440},
  pages = {99},
  owner = {david},
  timestamp = {2008.03.03},
  url = {http://adsabs.harvard.edu/full/1999ESASP.440...99R}
}

@BOOK{Russell2002,
  title = {Artificial Intelligence: A Modern Approach},
  publisher = {Prentice Hall},
  year = {2002},
  author = {Stuart J. Russell and Peter Norvig},
  month = {December},
  abstract = {The long-anticipated revision of this best-selling book offers the
	most comprehensive, up-to-date introduction to the theory and practice
	of artificial intelligence. Intelligent Agents. Solving Problems
	by Searching. Informed Search Methods. Game Playing. Agents that
	Reason Logically. First-order Logic. Building a Knowledge Base. Inference
	in First-Order Logic. Logical Reasoning Systems. Practical Planning.
	Planning and Acting. Uncertainty. Probabilistic Reasoning Systems.
	Making Simple Decisions. Making Complex Decisions. Learning from
	Observations. Learning with Neural Networks. Reinforcement Learning.
	Knowledge in Learning. Agents that Communicate. Practical Communication
	in English. Perception. Robotics. For those interested in artificial
	intelligence.},
  owner = {david},
  timestamp = {2007.11.21}
}

@INPROCEEDINGS{Sacerdoti1975,
  author = {Earl D. Sacerdoti},
  title = {The Nonlinear Nature of Plans},
  booktitle = {IJCAI},
  year = {1975},
  pages = {206-214},
  owner = {david},
  timestamp = {2007.12.07}
}

@INPROCEEDINGS{schubert95accelerating,
  author = {L. K. Schubert and A. Gerevini},
  title = {Accelerating partial order planners by improving plan and goal choices},
  booktitle = {Proceedings of the 7th \protect{IEEE} International Conference on
	Tools with Artificial Intelligence},
  year = {1995},
  pages = {442--450},
  address = {Herndon, Virginia},
  publisher = {{IEEE} Computer Society Press},
  owner = {david},
  timestamp = {2008.03.18},
  url = {citeseer.ist.psu.edu/article/schubert95accelerating.html}
}

@INPROCEEDINGS{B.1999,
  author = {B. Smith and 
	
	W. Millar and 
	
	Y. J. Dunphy Wen and 
	
	P. Nayak and
	
	M. Clark},
  title = {Validation and verification of the remote agent for space-craft autonomy},
  booktitle = {IEEE Aerospace Conference},
  year = {1999},
  owner = {david},
  timestamp = {2007.12.07}
}

@ARTICLE{Smith1998,
  author = {D. E. Smith and Daniel S. Weld},
  title = {Conformant Grafplan},
  journal = {Conference on Artificial Intelligence},
  year = {1998},
  owner = {david},
  timestamp = {2007.11.21}
}

@ARTICLE{Stephen1998,
  author = {Stephen J. J. Smith and Dana S. Nau and Thomas A. Throop},
  title = {Computer Bridge - A Big Win for AI Planning},
  journal = {AI Magazine},
  year = {1998},
  volume = {19 (2)},
  pages = {93-106},
  owner = {david},
  timestamp = {2007.12.07}
}

@INPROCEEDINGS{Larry1993,
  author = {Larry A. Taylor and Richard E. Korf},
  title = {Pruning Duplicate Nodes in Depth-First Search},
  booktitle = {AAAI},
  year = {1993},
  pages = {756-761},
  owner = {david},
  timestamp = {2007.12.07}
}

@PHDTHESIS{Tonidandel2003,
  author = {Flavio Tonidandel},
  title = {Desenvolvimento e Implementa\c c\~ao de um Sistema de Planejamento
	Baseado em Casos},
  school = {Escola Polit\'ecnica - Universidade de S\~ao Paulo},
  year = {2003},
  owner = {david},
  timestamp = {2007.11.21}
}

@MASTERSTHESIS{Vaquero2007,
  author = {Thiago Stegun Vaquero},
  title = {ITSIMPLE: Ambiente Integrado de Modelagem e An\'alise de Dom\'inos
	de Planejamento Autom\'atico},
  school = {Escola Polit\'ecnica - Universidade de S\~ao Paulo},
  year = {2007},
  abstract = {O grande avanço das técnicas de Planejamento em Inteligência Artificial
	fez com que a Engenharia de Requisitos e a Engenharia do Conhecimento
	ganhassem extrema importância entre as disciplinas relacionadas a
	projeto de engenharia (Engineering Design). A especificação, modelagem
	e análise dos domínios de planejamento automático se tornam etapas
	fundamentais para melhor entender e classificar os domínios de planejamento,
	servindo também de guia na busca de soluções. Neste trabalho, é apresentada
	uma proposta de um ambiente integrado de modelagem e análise de domínios
	de planejamento, que leva em consideração o ciclo de vida de projeto,
	representado por uma ferramenta gráfica de modelagem que utiliza
	diferentes representações: a UML para modelar e analisar as características
	estáticas dos domínios; XML para armazenar, integrar, e exportar
	informação para outras linguagens (ex.: PDDL); as Redes de Petri
	para fazer a análise dinâmica; e a PDDL para testes com planejadores.},
  keywords = {Engenharia de requisitos,
	
	Engenharia do conhecimento,
	
	Inteligência artificial,
	
	Modelagem e análise de domínio,
	
	PDDL,
	
	Planejamento automático,
	
	Redes de Petri,
	
	UML,
	
	XML},
  owner = {david},
  timestamp = {2008.01.02},
  url = {http://www.teses.usp.br/teses/disponiveis/3/3152/tde-19072007-174135/publico/DissertacaoRevisadaVaqueroTS.pdf}
}

@INPROCEEDINGS{Richard1994,
  author = {Richard Volpe and Robert Ivlev},
  title = {A Survey and Experimental Evaluation of Proximity Sensors for Space
	Robotics},
  booktitle = {ICRA},
  year = {1994},
  pages = {3466-3473},
  owner = {david},
  timestamp = {2007.12.07}
}

@INPROCEEDINGS{Wang1997,
  author = {Xuemei Wang and Steve A. Chien},
  title = {Replanning Using Hierarchical Task Network and Operator-Based Planning},
  booktitle = {ECP},
  year = {1997},
  pages = {427-439},
  owner = {david},
  timestamp = {2007.11.21}
}

@ARTICLE{Warren1976,
  author = {D. H. D. Warren},
  title = {Generating conditional plans and programs},
  journal = {AISB Summer Conference},
  year = {1976},
  owner = {david},
  timestamp = {2007.11.21}
}

@BOOK{Weiss1999,
  title = {Multiagent system},
  publisher = {MIT Press},
  year = {1999},
  author = {G. Weiss},
  owner = {david},
  timestamp = {2007.11.21}
}

@ARTICLE{Wilkins1990,
  author = {D. E. Wilkins},
  title = {Can AI planners solve practical problems?},
  journal = {Computational Intelligence},
  year = {1990},
  owner = {david},
  timestamp = {2007.11.21}
}

@ARTICLE{Wilkins1988,
  author = {D. E. Wilkins},
  title = {Pratical Planning: Extending the AI Planning Paradigm},
  year = {1988},
  owner = {david},
  timestamp = {2007.11.21}
}

@BOOK{Winston1992,
  title = {Intelig\^encia Artificial},
  publisher = {Livros T\'ecnicos e Cient\'ificos},
  year = {1992},
  editor = {Livros Técnicos e Científicos},
  author = {Winston, Patrick Henry},
  owner = {david},
  timestamp = {2008.01.03}
}

@ARTICLE{Younes2003,
  author = {H. L. S. Younes and R. G. Simmons},
  title = {VHPOP: Vesatile heuristic partial order planner},
  journal = {Jair},
  year = {2003},
  volume = {20},
  pages = {405-430},
  owner = {david},
  timestamp = {2007.11.21}
}

@comment{jabref-meta: selector_publisher:}

@comment{jabref-meta: selector_author:}

@comment{jabref-meta: selector_journal:}

@comment{jabref-meta: selector_keywords:}

