@misc{AdaptersPreussler2016, 
  title={Writing Better Adapters}, 
  author={Preussler, Danny}, 
  year={2016},
  howpublished = {\url{https://medium.com/\@dpreussler/writing-better-adapters-1b09758407d2\#.tbvvw3krr}},
  note = {Acessado em 27/10/2016}
}