@misc{EventBusAndroid, 
  title={Green Robot - Event Bus)}, 
  howpublished={\url{http://greenrobot.org/eventbus}},
  note={Acessado em 11/04/2017},
  year = {2017},
}

@misc{ButterKnife, 
  title={Butter Knife}, 
  author={Jake, Wharthon},
  howpublished={\url{http://jakewharton.github.io/butterknife/}},
  note={Acessado em 11/04/2017},
  year = {2017},
}