@inproceedings{ErikaComDroid,
 author = {Chin, Erika and Felt, Adrienne Porter and Greenwood, Kate and Wagner, David},
 title = {Analyzing Inter-application Communication in Android},
 booktitle = {Proceedings of the 9th International Conference on Mobile Systems, Applications, and Services},
 series = {MobiSys '11},
 year = {2011},
 isbn = {978-1-4503-0643-0},
 location = {Bethesda, Maryland, USA},
 pages = {239--252},
 numpages = {14},
 url = {http://doi.acm.org/10.1145/1999995.2000018},
 doi = {10.1145/1999995.2000018},
 acmid = {2000018},
 publisher = {ACM},
 address = {New York, NY, USA},
 keywords = {Android, intents, message passing, mobile phone security},
}

@inproceedings{AdriennePermission,
 author = {Felt, Adrienne Porter and Ha, Elizabeth and Egelman, Serge and Haney, Ariel and Chin, Erika and Wagner, David},
 title = {Android Permissions: User Attention, Comprehension, and Behavior},
 booktitle = {Proceedings of the Eighth Symposium on Usable Privacy and Security},
 series = {SOUPS '12},
 year = {2012},
 isbn = {978-1-4503-1532-6},
 location = {Washington, D.C.},
 pages = {3:1--3:14},
 articleno = {3},
 numpages = {14},
 url = {http://doi.acm.org/10.1145/2335356.2335360},
 doi = {10.1145/2335356.2335360},
 acmid = {2335360},
 publisher = {ACM},
 address = {New York, NY, USA},
 keywords = {Android, mobile phones, smartphones, usable security},
} 

@inproceedings{LanceComunicationStrategies,
 author = {Allison, Lance A. and Fuad, Mohammad Muztaba},
 title = {Inter-app Communication Between Android Apps Developed in App-inventor and Android Studio},
 booktitle = {Proceedings of the International Conference on Mobile Software Engineering and Systems},
 series = {MOBILESoft '16},
 year = {2016},
 isbn = {978-1-4503-4178-3},
 location = {Austin, Texas},
 pages = {17--18},
 numpages = {2},
 url = {http://doi.acm.org/10.1145/2897073.2897117},
 doi = {10.1145/2897073.2897117},
 acmid = {2897117},
 publisher = {ACM},
 address = {New York, NY, USA},
 keywords = {Android, Android studio, app inventor, mobile apps},
}

@article{L, 
  title={Experiences of system-level model-based GUI testing of an Android application}, 
  author={Takala and Tommi and Mika Katara, Julian Harty},
  year={2011}, 
  publisher={Fourth IEEE International Conference on Software Testing, Verification and Validation. IEEE},
}

% ------------------------------------------------------------------------
% Related or found above
% ------------------------------------------------------------------------

@MISC{ComDroidErika,
  title = {ComDroid Tool},
  url = {https://github.com/whitehatpanda/comdroid},
  note = {Acessado em 25/11/2016}
}