% Energy Quality Smells
% Compila maus cheiros relacionados ao consumo de energia de diversas fontes, 
% não necessariamente mobile, apresenta o motivo de afetar o consumo de energia, 
% como detectar e reestruturar dando exemplos com android.
% Lista de paper que citam este artigo: https://www.researchgate.net/publication/235705377_Removing_Energy_Code_Smells_with_Reengineering_Services?enrichId=rgreq-26b8c5c4c7df4801d1a5d3c8c151e057-XXX&enrichSource=Y292ZXJQYWdlOzIzNTcwNTM3NztBUzoxMDE1NTEyNTk1MjEwMzVAMTQwMTIyMzExNTc1MA%3D%3D&el=1_x_2
@article{RemovingEnergySmells:12, 
  title={Removing Energy Code Smells with Reengineering Services}, 
  author={Gottschalk, Marion and Josefiok, Mirco and Jelschen, Jan and Winter, Andreas},
  year = {2012}
}

% 30 Quality Smells => http://www.modelrefactoring.org/smell_catalog
% Baseado na documentação do Google: https://developer.android.com/guide/practices/seamlessness.html#interrupt
@article{30QualitySmells:14, 
  title={A Tool-Supported Quality Smell Catalogue For Android Developers}, 
  author={Reimann, Jan and Brylski, Martin},
  year = {2014},
}

% ------------------------------------------------------------------------
% Maus cheiros tradicionais em apps Android
% ------------------------------------------------------------------------

@phdthesis{MobileSmells:13,
  title={Code Smells in the Mobile Applications Domain},
  author={Dani\"el Verloop},
  year={2013},
  school={TU Delft, Delft University of Technology}
}

@article{DomainMatters, 
  title={Domain Matters: Bringing Further Evidence of the Relationships among Anti-patterns, Application Domains, and Quality-Related Metrics in Java Mobile Apps}, 
  author={Linares-V{\'a}squez, Mario and Klock, Sam and Mcmillan, Collin and Saban{\`e}, Aminata and Poshyvanyk, Denys and Guéhéneuc, Yann-Ga\"{e}l},
  year = {2017}
}

@article{Hecht:15, 
  title={An Approach to Detect Android Antipatterns}, 
  author={G. Hecht}, 
  booktitle={2015 IEEE/ACM 37th IEEE International Conference on Software Engineering}, 
  year={2015}, 
  volume={2}, 
  pages={766-768}, 
  ISSN={0270-5257}, 
  month={May}
}

@inproceedings{HetchDetectingAntipatternsAndroidApps:15, 
  title={Detecting Antipatterns in Android Apps}, 
  author={G. Hecht and R. Rouvoy and N. Moha and L. Duchien}, 
  booktitle={2015 2nd ACM International Conference on Mobile Software Engineering and Systems}, 
  year={2015}, 
  pages={148-149}, 
  month={May}
}


@article{Mannan_Dig_Ahmed_Jensen_Abdullah_Almurshed, 
  title={Understanding Code Smells in Android Applications}, 
  DOI={10.1145/2897073.2897094}, 
  author={Mannan, Umme and Dig, Danny and Ahmed, Iftekhar and Jensen, Carlos and Abdullah, Rana and Almurshed, M},
  year = {2017}
}

% ------------------------------------------------------------------------
% Apps Android vs Softwares Tradicionais
% ------------------------------------------------------------------------

@article{Mantyla2013,
  author = {Roberto Minelli and Michele Lanza},
  title = {Software analytics for mobile applications, insights \& lessons learned},
  journal = {In Proceedings of the 2013 17th European Conference on Software Maintenance and Reengineering},
  year = {2013}
}


% ------------------------------------------------------------------------
% Related or found above
% ------------------------------------------------------------------------

% Citado em "A Tool-Supported Quality Smell Catalogue For Android Developers" como [4]
@article{Reimann,
 title={Quality-Aware Refactoring For Early Detection And Resolution Of Energy Deficiencies},
 author = {Reimann, Jan and Assmann, Uwe},
 publisher = {In 4th International Workshop on Green and Cloud Computing Management},
 year={2013},
}
