@misc{AndroidDeveloperSite2016, 
  title={Documenta\c{c}\~ao Site Android Developer}, 
  author={Android Developer Site}, 
  howpublished = {\url{https://developer.android.com}},
  year={2016},
  note = {Acessado em 27/10/2016}
}

@MISC{WikiAndroid,
  title = {Wikipedia Android},
  howpublished = {\url{https://en.wikipedia.org/wiki/Android_(operating_system)}},
  note = {Acessado em 27/08/2017}
}

@MISC{AndroidStudio,
  title = {Android Studio},
  author={Android Developer Site}, 
  howpublished = {\url{https://developer.android.com/studio/index.html}},
  note = {Acessado em 30/08/2016},
  year = {2016}
}

@MISC{WikiAndroidRuntime,
  title = {Wikipedia Android Runtime},  
  howpublished = {\url{https://en.wikipedia.org/wiki/Android_Runtime}},
  note = {Acessado em 30/08/2016}
}

@misc{AndroidFundamentals, 
  title={Android Fundamentals}, 
  author={Android Developer Site}, 
  howpublished = {\url{https://developer.android.com/guide/components/fundamentals.html}},
  note = {Acessado em 04/09/2016},
  year = {2017}
}

@misc{AndroidPlatformArchitecture, 
  title={Plataform Architecture}, 
  author={Android Developer Site}, 
  howpublished = {\url{https://developer.android.com/guide/platform/index.html}},
  note = {Acessado em 04/09/2016},
}

@misc{AndroidUIEvents, 
  title={UI Events}, 
  author={Android Developer Site}, 
  howpublished = {\url{https://developer.android.com/guide/topics/ui/ui-events.html}},
  note = {Acessado em 25/11/2016},
}

@misc{AndroidResourcesOverview, 
  title={Resources Overview}, 
  author={Android Developer Site}, 
  year={2016},
  howpublished = {\url{https://developer.android.com/guide/topics/resources/overview.html}},
  note = {Acessado em 08/09/2016},
}

@misc{AndroidResourceType, 
  title={Resource Type}, 
  author={Android Developer Site}, 
  year={2016},
  howpublished = {\url{https://developer.android.com/guide/topics/resources/available-resources.html}},
  note = {Acessado em 12/09/2016},
}

@misc{AndroidUIOverview, 
  title={UI Overview}, 
  author={Android Developer Site}, 
  year={2016},
  howpublished = {\url{https://developer.android.com/guide/topics/ui/overview.html}},
  note = {Acessado em 23/10/2016},
}

@misc{AndroidLayouts, 
  title={Layouts}, 
  author={Android Developer Site}, 
  year={2016},
  howpublished = {\url{https://developer.android.com/guide/topics/ui/declaring-layout.html}},
  note = {Acessado em 23/10/2016},
}

@MISC{AndroidActivities2016,
  author = {Android Developers Site},
  title = {Activities},
  year = {2016},
  howpublished = {\url{https://developer.android.com/guide/components/activities.html}},
  note = {Acessado em 29/08/2016}
}

@misc{AndroidHistory, 
  title={Android Version History}, 
  howpublished = {\url{https://en.wikipedia.org/wiki/Android_version_history}},
  note = {Acessado em 27/11/2016}
}

@MISC{AndroidRuntimeDalvikArtExplained,
  title = {Android: entenda as diferenças entre o ART e o Dalvik},
  howpublished = {\url{http://www.tecmundo.com.br/android/54387-android-entenda-diferencas-entre-art-o-dalvik.htm}},
  note = {Acessado em 30/08/2016} 
}

@misc{FirstApp2017, 
  title={Building Your Firt App}, 
  author={Android Developer Site}, 
  howpublished={\url{https://developer.android.com/training/basics/firstapp/creating-project.html}},
  year={2016},
  note={Acessado em 31/03/2017}
}

@misc{OptmizingViewHierarchies, 
  title={Optimizing View Hierarchies)}, 
  author={Android Developer Site}, 
  year = {2017},
  howpublished={\url{https://developer.android.com/topic/performance/rendering/optimizing-view-hierarchies.html)}},
  note={Acessado em 09/04/2017}
}

@misc{AluraViewHolder, 
  title={Android RecyclerView}, 
  author={Android Developers Site},
  howpublished={\url{https://developer.android.com/training/material/lists-cards.html}},
  note={Acessado em 12/04/2017},
  year = {2017},
}