@article{AndroidUI1:17,
	Author = {Juliana Oliveira and Deise Borges and Thaisa Silva and Nelio Cacho and Fernando Castor},
	Doi = {https://doi.org/10.1016/j.jss.2017.10.032},
	Issn = {0164-1212},
	Journal = {Journal of Systems and Software},
	Keywords = {Exception handling, Android, Robustness, Maintainability},
	Pages = {1 - 18},
	Title = {Do android developers neglect error handling? a maintenance-Centric study on the relationship between android abstractions and uncaught exceptions},
	Url = {http://www.sciencedirect.com/science/article/pii/S0164121217302558},
	Volume = {136},
	Year = {2017},
	Bdsk-Url-1 = {http://www.sciencedirect.com/science/article/pii/S0164121217302558},
	Bdsk-Url-2 = {https://doi.org/10.1016/j.jss.2017.10.032}
}


@article{AndroidUI2:17,
	Author = {Seyyed Ehsan Salamati Taba and Iman Keivanloo and Ying Zou and Shaohua Wang},
	Doi = {https://doi.org/10.1016/j.jss.2016.07.010},
	Issn = {0164-1212},
	Journal = {Journal of Systems and Software},
	Keywords = {Mobile applications, Common UI elements, User-perceived quality},
	Pages = {491 - 504},
	Title = {An exploratory study on the usage of common interface elements in android applications},
	Url = {http://www.sciencedirect.com/science/article/pii/S0164121216301170},
	Volume = {131},
	Year = {2017},
	Bdsk-Url-1 = {http://www.sciencedirect.com/science/article/pii/S0164121216301170},
	Bdsk-Url-2 = {https://doi.org/10.1016/j.jss.2016.07.010}}



@article{AndroidUI3:17,
	Author = {Seokjun Lee and Hojung Cha},
	Doi = {https://doi.org/10.1016/j.pmcj.2017.04.004},
	Issn = {1574-1192},
	Journal = {Pervasive and Mobile Computing},
	Keywords = {Android application, Power saving, Developers' tool},
	Pages = {382 - 396},
	Title = {User interface-level QoE analysis for Android application tuning},
	Url = {http://www.sciencedirect.com/science/article/pii/S157411921630147X},
	Volume = {40},
	Year = {2017},
	Bdsk-Url-1 = {http://www.sciencedirect.com/science/article/pii/S157411921630147X},
	Bdsk-Url-2 = {https://doi.org/10.1016/j.pmcj.2017.04.004}}
