% Mobile Apps (market shares, apps qt and downloads) -----------------------------------------------------------

% 84,1% Android Marketshare
@MISC{MobileMarketShares:16,
  title = {Gartner Says Worldwide Smartphone Sales Grew 3.9 Percent in First Quarter of 2016},
  howpublished = {\url{http://www.gartner.com/newsroom/id/3323017}},
  month = May,
  year = {2016},
  note = {Acessado em 23/07/2016}
}

% Mobile Marketshare até 2015 (ref não usada)
@MISC{MobileMarketShareIDC:15,
  title = {Smartphone OS Market Share, 2015 Q2},
  howpublished = {\url{http://www.idc.com/prodserv/smartphone-os-market-share.jsp}},
  year = {2015},
  note = {Acessado em 26/07/2016}
}

% 83,7% Android Marketshare até 2016
@MISC{GrowthForecastIDC:16,
  title = {Worldwide Smartphone Growth Forecast to Slow to 3.1\% in 2016 as Focus Shifts to Device Lifecycles, According to IDC},
  howpublished = {\url{http://www.idc.com/getdoc.jsp?containerId=prUS41425416}},
  month = Jun,
  year = {2016},
  note = {Acessado em 23/07/2016}
}

% 


@MISC{GlobalSmartphoneSales:09-17,
  title = {Global mobile OS market share in sales to end users from 1st quarter 2009 to 1st quarter 2017},
  year = {2017},
  publisher = {Statista.com},
  howpublished = {\url{https://www.statista.com/statistics/266136/global-market-share-held-by-smartphone-operating-systems}},
  note = {Acessado em 24/07/2017}
}

@MISC{PercentSmartphoneSales:09-16,
  title = {Global mobile OS market share in sales to end users from 1st quarter 2009 to 1st quarter 2016)},
  year = {2016},
  publisher = {Statista.com},
  howpublished = {\url{http://www.statista.com/statistics/266136/global-market-share-held-by-smartphone-operating-systems}},
  note = {Acessado em 24/07/2016}
}

@MISC{SmartphoneSales:09-16,
  title = {Global smartphone sales to end users from 1st quarter 2009 to 1st quarter 2016, by operating system (in million units)},
  year = {2016},
  publisher = {Statista.com},
  howpublished = {\url{http://www.statista.com/statistics/266219/global-smartphone-sales-since-1st-quarter-2009-by-operating-system}},
  note = {Acessado em 24/07/2016}
}
% 
@MISC{AppInPlayStore:09-16,
  title = {Number of available applications in the Google Play Store from December 2009 to February 2016},
  year = {2016},
  publisher = {Statista.com},
  howpublished = {\url{http://www.statista.com/statistics/266210/number-of-available-applications-in-the-google-play-store}},
  note = {Acessado em 24/07/2016}
}

% Adroid Auto, TV SmartWtatch
@MISC{AndroidAuto:16,
  title = {Ford ter\'a Apple CarPlay e Android Auto em todos os modelos nos EUA},
  year = {2017},
  howpublished = {\url{http://g1.globo.com/carros/noticia/2016/07/ford-tera-apple-carplay-e-android-auto-em-todos-os-modelos-nos-eua.html}},
  note = {Acessado em 26/07/2016}
}

% 
@MISC{AndroidSmart:14,
  title = {Google Android software spreading to cars, watches, TV},
  month = Jun,
  year = {2014},
  howpublished = {\url{http://phys.org/news/2014-06-google-android-software-cars-tv.html}},
  note = {Acessado em 26/07/2016}
}

% Downaload de apps
% 
@MISC{AppAnnie:16,
  title = {App Annie Index Market Q1 2016: China Takes Japan’s \#2 Spot for iOS Revenue},
  month = Apr,
  year = {2016},
  howpublished = {\url{https://www.appannie.com/insights/market-data/app-annie-index-market-q1-2016}},
  note = {Acessado em 30/08/2016}
}

% Android Device/Brand fragmentation
@MISC{AndroidFragmentation,
  title = {Android Fragmentation Visualized},
  month = Aug,
  year = {2015},
  howpublished = {\url{http://opensignal.com/reports/2015/08/android-fragmentation}},
  note = {Acessado em 12/09/2016}
}