@article{FinavaroAniche2016, 
  title={Architectural Roles in Code Metric Assessment and Code Smell Detection}, 
  author={Aniche, Maurício and Gerosa, Marco},
  year = {2016},
}

@article{MvcSmells:16,
  author = {Maurício Aniche and Bavota G. and Treude C. and Van Deursen A. and Gerosa M.},
  title = {A Validated Set of Smells in Model-View-Controller Architectures},
  year = {2016}
}

@inproceedings{aniche2016satt,
  title={SATT: Tailoring Code Metric Thresholds for Different Software Architectures},
  author={Aniche, Maur{\'\i}cio and Treude, Christoph and Zaidman, Andy and van Deursen, Arie and Gerosa, Marco Aurélio},
  booktitle={Source Code Analysis and Manipulation (SCAM), 2016 IEEE 16th International Working Conference on},
  pages={41--50},
  year={2016},
  organization={IEEE}
}

% ------------------------------------------------------------------------
% Related or found above
% ------------------------------------------------------------------------

% Citado em "Architectural Roles in Code Metric Assessment and Code Smell Detection" como [49]
@inproceedings{GrissomKim2005, 
  edition={1}, 
  title={Effect Sizes for Research: Univariate and Multivariate Applications}, 
  ISBN={0805850147}, 
  publisher={Routledge}, 
  author={Grissom, Robert J and Kim, John J}, 
  year={2005}, 
  month={Mar}, 
  pages={272}
}

% Citado em "Architectural Roles in Code Metric Assessment and Code Smell Detection" como [27]
@book{Conover1999, 
  edition={3}, 
  title={Practical Nonparametric Statistics}, 
  ISBN={0471160687}, 
  publisher={Wiley}, 
  author={W, Conover J}, 
  year={1999}, 
  month={Dec}, 
  pages={584}
}

@article{Zhang2013,
  author = {Feng Zhang and Audris Mockus and Ying Zou and Foutse Khomh and Ahmed E Hassan},
  title = {How does context affect the distribution of software maintainability metrics?},
  journal = {In IEEE International Conference on Software Maintenance, páginas 350-359. IEEE},
  year={2013},
}

@article{Khomh:2012:ESI:2158916.2158921,
 author = {Khomh, Foutse and Penta, Massimiliano Di and Guéhéneuc, Yann-Ga\"{e}l and Antoniol, Giuliano},
 title = {An Exploratory Study of the Impact of Antipatterns on Class Change-and Fault-proneness},
 journal = {Empirical Softw. Engg.},
 volume = {17},
 number = {3},
 month = jun,
 year = {2012},
 numpages = {33},
 url = {http://dx.doi.org/10.1007/s10664-011-9171-y},
 doi = {10.1007/s10664-011-9171-y},
 acmid = {2158921},
 publisher = {Kluwer Academic Publishers},
 address = {Hingham, MA, USA},
 keywords = {Antipatterns, Empirical software engineering, Mining software repositories},
}

@article{Krasner:1988:CUM:50757.50759,
 author = {Krasner, Glenn E. and Pope, Stephen T.},
 title = {A Cookbook for Using the Model-view Controller User Interface Paradigm in Smalltalk-80},
 journal = {J. Object Oriented Program.},
 issue_date = {Aug./Sept. 1988},
 volume = {1},
 number = {3},
 month = aug,
 year = {1988},
 issn = {0896-8438},
 pages = {26--49},
 numpages = {24},
 url = {http://dl.acm.org/citation.cfm?id=50757.50759},
 acmid = {50759},
 publisher = {SIGS Publications},
 address = {Denville, NJ, USA},
} 

@MISC{PMD2016,
  title = {PMD (2016)},
  year = {2016},
  howpublished = {\url{https://pmd.github.io}},
  note = {Acessado em 29/08/2016}
}

@MISC{Sonarqube2016,
  title = {Sonarqube (2016)},
  year = {2016},
  howpublished = {\url{http://www.sonarqube.org}},
  note = {Acessado em 29/08/2016}
}

@article{TsantalisChaikalis2008, 
  title={JDeodorant: Identification and removal of type-checking bad smells}, 
  url={http://ieeexplore.ieee.org/xpls/abs_all.jsp?arnumber=4493342}, 
  DOI={10.1109/CSMR.2008.4493342}, 
  author={Tsantalis, N and Chaikalis, T}, 
  year={2008}
}