@misc{apendice,
  title={Apêndice Online},
  author={Carvalho, Suelen G. },
  howpublished={\url{http://suelengc.com/android-code-smells-article/}},
  year = {2017},
  note={Acessado em 06/05/2017},
}

@article{Silva_Does_2015,
  pages={73-82},
  title={Does JavaScript software embrace classes?},
  doi={10.1109/SANER.2015.7081817},
  author={Silva, Leonardo and Ramos, Miguel and Valente, Marco and Bergel, Alexandre and Anquetil, Nicolas},
  year={2015}
}

@article{Moha_Gueheneuc_Meur_Duchien_2008, 
  title={Fundamental Approaches to Software Engineering}, 
  author={Moha, Naouel and Guéhéneuc, Yann-Ga\"{e}l and Meur, Anne-Fran\c{c}oise and Duchien, Laurence}, 
  year={2008}
}


% --------------- rever bibliografias abaixo se mantém, estão duplicadas ou não

@PHDTHESIS{RefactoringAndImprovements:10,
  title={Evaluation and Improvement of Software Architecture: Identification of Design Problems in Object-Oriented Systems and Resolution through Refactorings},
  author={Nikolaos Tsantalis},
  month = Aug,
  year={2010},
  school={University of Macedonia}
}

@article{Mantyla2013,
  author = {Roberto Minelli and Michele Lanza},
  title = {Software analytics for mobile applications, insights \& lessons learned},
  journal = {In Proceedings of the 2013 17th European Conference on Software Maintenance and Reengineering},
  year = {2013}
}

@article{Reimann,
 title={Quality-Aware Refactoring For Early Detection And Resolution Of Energy Deficiencies},
 author = {Reimann, Jan and Assmann, Uwe},
 publisher = {In 4th International Workshop on Green and Cloud Computing Management},
 year={2013},
}







@InProceedings{alves03:simi,
 author   = {Carlos E. R. Alves and Edson N. Cáceres and Frank Dehne and Siang W. Song},
 title    = {A Parallel Wavefront Algorithm for Efficient Biological Sequence Comparison},
 booktitle= {ICCSA '03: The 2003 International Conference on Computational Science and its Applications},
 year     = {2003},
 pages    = {249-258},
 month    = May,
 publisher= {Springer-Verlag}
}

@article{MenaChalco08,
 author   = {Jesús P. Mena-Chalco and Helaine Carrer and Yossi Zana and Roberto M. Cesar-Jr.},
 title    = {Identification of protein coding regions using the modified {G}abor-wavelet transform},
 journal  = {IEEE/ACM Transactions on Computational Biology and Bioinformatics},
 volume   = {5},
 pages    = {198-207},
 year     = {2008},
}

@Techreport{alvisi99:analysisCIC,
 author   = {Lorenzo Alvisi and Elmootazbellah Elnozahy and Sriram S. Rao and Syed A. Husain and Asanka Del Mel},
 title    = {An Analysis of Comunication-Induced Checkpointing},
 institution= {Department of Computer Science, University of Texas at Austin},
 year     = {1999},
 number   = {TR-99-01},
 address  = {Austin, {USA}}
}

@Misc{gridftp,
 author   = {William Allcock},
 title    = {{GridFTP} protocol specification. {Global Grid Forum} Recommendation ({GFD}.20)},
 year     = {2003}
}

@Book{JW82,
 author   = {Richard A. Johnson and Dean W. Wichern},
 title    = {Applied Multivariate Statistical Analysis},
 publisher= {Prentice-Hall},
 year     = {1983}
}

@Manual{CORBA:spec,
 title    = {{CORBA v3.0 Specification}},
 author   = {{Object Management Group}},
 month    = Jul,
 year     = {2002},
 note     = {{OMG Document 02-06-33}}
}

@PhdThesis{garcia01:PhD,
 author   = {Islene C. Garcia},
 title    = {Visões Progressivas de Computações Distribuídas},
 school   = {Instituto de Computação, Universidade de Campinas, Brasil},
 year     = {2001},
 month    = {Dezembro}
}

@Conference{bronevetsky02,
 author   = {Greg Bronevetsky and Daniel Marques and Keshav Pingali and Paul Stodghill},
 title    = {Automated application-level checkpointing of {MPI} programs},
 booktitle= {PPoPP '03: Proceedings of the 9th ACM SIGPLAN Symposium on Principles and Practice of Parallel Programming},
 year     = {2003},
 pages    = {84-89}
}

@InCollection{bobaoglu93:concepts,
 author   = {Ozalp Babaoglu and Keith Marzullo},
 title    = {Consistent Global States of Distributed Systems: Fundamental Concepts and Mechanisms},
 editor   = {Sape Mullender},
 booktitle= {Distributed Systems},
 edition  = {segunda},
 year     = {1993},
 pages    = {55-96}
}

@MastersThesis{schmidt03:MSc,
 author   = {Rodrigo M. Schmidt},
 title    = {Coleta de Lixo para Protocolos de \emph{Checkpointing}},
 school   = {Instituto de Computação, Universidade de Campinas, Brasil},
 year     = {2003},
 month    = Oct
}

@Misc{fowler04:designDead,
 author   = {Martin Fowler},
 title    = {Is Design Dead?},
 year     = {2004},
 month    = May,
 note     = {Último acesso em 30/1/2010},
 howpublished= {\url{http://martinfowler.com/articles/designDead.html}},
}

@Misc{FSF:GNU-GPL,
 author   = {Free Software Foundation},
 title    = {{GNU} general public license},
 note     = {Último acesso em 30/1/2010},
 howpublished= {\url{http://www.gnu.org/copyleft/gpl.html}},
}

@book{tufte01:visualDisplay,
 author   = {Edward Tufte},
 title    = {The Visual Display of Quantitative Information},
 year     = {2001},
 edition  = {2nd},
 publisher= {Graphics Pr},
 month    = may,
}

@inproceedings{GrissomKim2005, 
  edition={1}, 
  title={Effect Sizes for Research: Univariate and Multivariate Applications}, 
  ISBN={0805850147}, 
  publisher={Routledge}, 
  author={Grissom, Robert J and Kim, John J}, 
  year={2005}, 
  month={Mar}, 
  pages={272}
}

% Citado em Why Don’t Software Developers Use Static Analysis Tools to Find Bugs? as [1]
@inproceedings{briand1993modeling,
  title={Modeling and managing risk early in software development},
  author={Briand, Lionel C and Thomas, William M and Hetmanski, Christopher J},
  booktitle={Software Engineering, 1993. Proceedings., 15th International Conference on},
  pages={55--65},
  year={1993},
  organization={IEEE}
}

% Citado em Why Don’t Software Developers Use Static Analysis Tools to Find Bugs? as [2]
@inproceedings{Nagappan:2005,
  author={Nagappan, Nachiappan and Ball, Thomas},
  title={Static Analysis Tools As Early Indicators of Pre-release Defect Density},
  booktitle={Proceedings of the 27th International Conference on Software Engineering},
  series={ICSE '05},
  year={2005},
  isbn={1-58113-963-2},
  location={St. Louis, MO, USA},
  pages={580--586},
  numpages={7},
  url={http://doi.acm.org/10.1145/1062455.1062558},
  doi={10.1145/1062455.1062558},
  acmid={1062558},
  publisher={ACM},
  address={New York, NY, USA},
  keywords={defect density, fault-proneness, static analysis tools, statistical methods},
} 

@PHDTHESIS{Prikladnicki, 
  title={MuNDDoS - Um Modelo de Referência Para Desenvolvimento Distribuído de Software}, 
  author={Prikladnicki, Rafael},
  year={2013},
  school={Pontifíca Universidade Católica do Rio Grande do Sul - PUCRS},
  numpages={145}
}

@book{Conover1999, 
  edition={3}, 
  title={Practical Nonparametric Statistics}, 
  ISBN={0471160687}, 
  publisher={Wiley}, 
  author={W, Conover J}, 
  year={1999}, 
  month={Dec}, 
  pages={584}
}