@book{Gamma:1995:DPE:186897,
  author = {Gamma, Erich and Helm, Richard and Johnson, Ralph and Vlissides, John},
  title = {Design Patterns: Elements of Reusable Object-oriented Software},
  year = {1995},
  isbn = {0-201-63361-2},
  publisher = {Addison-Wesley Longman Publishing Co., Inc.},
  address = {Boston, MA, USA},
} 

@book{RefactoringFowler1999,
  title = {Refactoring: Improving the Design of Existing Code},
  year = {1999},
  isbn = {0-201-48567-2},
  publisher = {Addison-Wesley Longman Publishing Co., Inc.},
  address = {Boston, MA, USA},
}

@BOOK{Refactoring:99,
  author = {Martin Fowler},
  title = {Refactoring. Improving the Design of Existing Code},
  publisher = {Addison-Wesley},
  year = {1999}
}

@book{Martin:2008:CCH:1388398,
 author = {Martin, Robert C.},
 title = {Clean Code: A Handbook of Agile Software Craftsmanship},
 year = {2008},
 isbn = {0132350882, 9780132350884},
 edition = {1},
 publisher = {Prentice Hall PTR},
 address = {Upper Saddle River, NJ, USA},
} 

@book{Alur:2003:CJP:863711,
 author = {Alur, Deepak and Malks, Dan and Crupi, John and Booch, Grady and Fowler, Martin},
 title = {Core J2EE Patterns (Core Design Series): Best Practices and Design Strategies},
 year = {2003},
 isbn = {0131422464},
 edition = {2},
 publisher = {Sun Microsystems, Inc.},
 address = {Mountain View, CA, USA},
}

@book{Riel,
  title={Object-Oriented Design Heuristics},
  author={J. Riel, Arthur},
  year={1996},
  isbn={9780201633856},
  lccn={lc95048396},
  url={https://books.google.com.br/books?id=oHkhAQAAIAAJ},
  year={1996},
  publisher={Addison-Wesley Publishing Company}
}

@book{Webster,
  title={Pitfalls of Object-Oriented Development},
  author={Webster F, Bruce},
  year={1995},
  publisher={M \& T Books}
}

@book{Suryanarayana2014Refactoring,
  title={Refactoring for Software Design Smells: Managing Technical Debt},
  author={Suryanarayana, G. and Samarthyam, G. and Sharma, T.},
  isbn={9780128016466},
  lccn={2014029955},
  url={https://books.google.com.br/books?id=1SaOAwAAQBAJ},
  year={2014},
  publisher={Elsevier Science}
}

@book{WilleyAntiPatterns,
  author = {William J. Brown and Raphael C. Malveau and Hays W. "Skip" McCormick, Thomas J. Mowbray},
  publisher = {Wiley},
  title = {AntiPatterns: Refactoring Software, Architectures, and Projects in Crisis},
  year = {1998}
}

@book{alur2003core,
  title={Core J2EE Patterns: Best Practices and Design Strategies},
  author={Alur, D. and Crupi, J. and Malks, D.},
  isbn={9780131422469},
  lccn={2004266715},
  series={Core Series},
  url={https://books.google.com.br/books?id=1dx34EMVyi8C},
  year={2003},
  publisher={Prentice Hall PTR}
}

@book{rozanski2012software,
  title={Software Systems Architecture: Working with Stakeholders Using Viewpoints and Perspectives},
  author={Rozanski, N. and Woods, E.},
  isbn={9780321718334},
  lccn={2011040253},
  url={https://books.google.com.br/books?id=ka4QO9kXQFUC},
  year={2012},
  publisher={Addison-Wesley}
}

@book{gamma1994design,
  title={Design Patterns: Elements of Reusable Object-Oriented Software (Adobe Reader)},
  author={Gamma, E. and Helm, R. and Johnson, R. and Vlissides, J.},
  isbn={9780321700698},
  url={https://books.google.com.br/books?id=6oHuKQe3TjQC},
  year={1994},
  publisher={Pearson Education}
}

@book{gof,
  author = {Gamma, E. and Helm, R. and Johnson, R. and Vlissides, J.},
  publisher = {Addison Wesley, Boston},
  series = {Professional Computing Series},
  title = {Design Patterns: Elements of Reusable Object-Oriented Software},
  year = {1995}
}