@book{SWEBOK:14,
  title={SWEBOK V3.0 Guide to the Software Engineering Body of Knowledge},
  author={Bourque, Pierre and Fairley E., Richard},
  year={2014},
  isbn = {0-7695-5166-1},
  publisher={IEEE}
}

@book{StefanSoftwareQuality:13,
  title={Software Product Quality Control},
  author={Wagner, Stefan},
  year={2013},
  isbn = {978-3-642-38570-4},
  publisher={Springer-Verlag Berlin Heidelberg}
}

% citado como [108] em SoftwareQuality:13 
@misc{ISOIECIEEE:10,
  title={Systems and software engineering - vocabulary},
  author = {ISO/IEC/IEEE 24765:2010},
  year={2010}
}

% citado como [24] em SoftwareQuality:13 
@book{Boehm:78,
  title={Characteristics of software quality},
  author={Berry W., Boehm and  J.R., Brown and H., Kaspar and M., Lipow and  G.J., Macleod and M.J., Merrit},
  lccn={78319591},
  series={TRW series of software technology},
  url={https://books.google.com.br/books?id=Cdm0AAAAIAAJ},
  year={1978},
  publisher={North-Holland Pub. Co.}
}

% citado como [149] em SoftwareQuality:13 
@article{McCall:77,
  author = {McCall, Jim A. and Richards, Paul K. and Walters, Gene F.},
  pages = {188},
  title = {Factors in software quality: Concept and Definitions of Software Quality},
  volume = {I},
  year = {1977}
}

% citado como [107] em SoftwareQuality:13 
@misc{ISO9126:91, 
  title={Software engineering - product quality - Part 1: Quality model}, 
  author={ISO/IEC TR 9126-1:2001}, 
  howpublished = {\url{https://www.iso.org/standard/22749.html}},
  year = {1991},
  note = {Acessado em 23/10/2017}
}

% citado como [97] em SoftwareQuality:13 
@misc{ISO25010:11, 
  title={Systems and software engineering - systems and software quality requirements and evaluation (SQuaRE) - system and software quality models}, 
  author={ISO/IEC 25010:2011}, 
  howpublished = {\url{https://www.iso.org/standard/35733.html}},
  year = {2011},
  note = {Acessado em 23/10/2017}
}

% citado como [77] em SoftwareQuality:13 
@book{ModelFURPS:87,
  Author = {Grady, Robert B. and Caswell, Deborah L.},
  Isbn = {0138218447},
  Publisher = {Prentice Hall},
  Title = {Software Metrics: Establishing a Company-Wide Program},
  Year = {1987}
}

@book{CodeQuality:06,
  title={Code Quality: The Open Source Perspective},
  author={Spinellis, Diomidis},
  year={2006},
  isbn = {0-321-16607-8},
  publisher={Addison Wesley}
}

@book{CodeComplete:04,
  title = {Code Complete},
  author = {McConnell, Steve},
  year = {2004},
  isbn = {0735619670, 9780735619678},
  publisher = {Microsoft Press},
  address = {Redmond, WA, USA},
}

@book{JuranQuality:1998,
  title={Juran's Quality Handbook},
  author={Joseph M. ,Juran and A. Blanton, Godfrey},
  year={1998},
  isbn = {0-07-034003-X},
  publisher={McGraw-Hill},
  edition = {5ª},
}

@misc{ISO9000:00, 
  title={ISO 9000:2000}, 
  author={ISO}, 
  howpublished = {\url{https://www.iso.org/standard/29280.html}},
  note = {Acessado em 23/10/2017}
}