@article{SmartSociety:13,
  author = {Muhammad Sarwar and Tariq R. Soomro},
  title = {Impact of Smartphone's on Society},
  journal = {European Journal of Scientific Research},
  year = {2013},
  month = Mar,
  volume = {98},
  number = {2},
  pages = {216-226},
  note = {\url{http://www.europeanjournalofscientificresearch.com}},
}