% Optional fields: author, title, howpublished, month, year, note
@misc{AndroidBrasilDevGroup,
	title = {Android Brasil Dev Group},
	howpublished = {Google Groups},
	url = {\url{https://groups.google.com/forum/\#!forum/androidbrasil-dev}},
}

@misc{AndroidBrasilProjetosGroup,
	title = {Android Brasil Projetos Group},
	howpublished = {Google Groups},
	url = {\url{https://groups.google.com/forum/\#!forum/android-brasil-projetos}},
}

@misc{AndroidDevBrSlackGroup,
	title = {Android Dev Br Slack Group},
	howpublished = {Slack Group},
	url = {\url{http://slack.androiddevbr.org}},
}

