@MISC{WikiGooglePlay,
  title = {Wikipedia Google Play Store},
  url = {https://en.wikipedia.org/wiki/Google_Play},
  note = {Acessado em 27/11/2016}
}

@misc{WikipediaInhiritance, 
  title={Inheritance (object-oriented programming)}, 
  author={Wikip\'edia}, 
  year = {2017},
  howpublished={\url{https://en.wikipedia.org/wiki/Inheritance_(object-oriented_programming)}},
  note={Acessado em 08/04/2017}
}

@misc{WikipediaMVP, 
  title={Wikip\'edia - Model-View-Presenter}, 
  howpublished={\url{https://pt.wikipedia.org/wiki/Model-view-presenter}},
  note={Acessado em 11/04/2017},
  year = {2017}
}

@misc{WikipediaMVVM, 
  title={Wikip\'edia - Model-View-ViewModel}, 
  howpublished={\url{https://en.wikipedia.org/wiki/Model-view-viewmodel}},
  note={Acessado em 11/04/2017},
  year = {2017}
}

@misc{CleanArchitecture, 
  title={8thlight Blog - The Clean Architecture}, 
  author={Martin, Robert},
  howpublished={\url{https://8thlight.com/blog/uncle-bob/2012/08/13/the-clean-architecture.html}},
  note={Acessado em 11/04/2017},
  year = {2017},
}