@article{KoenigPatterns:98,
  title={Patterns and antipatterns},
  author={Koenig, Andrew},
  journal={The patterns handbook: techniques, strategies, and applications},
  volume={13},
  pages={383},
  year={1998}
}

@book{AnalysysPattern:97,
  title={Analysis Patterns: Reusable Object Models},
  author={Fowler, Martin},
  year={1997},
  publisher={Addison-Wesley Professional}
}

@phdthesis{PadroesAgeisSuelen:11,
  title    = {Padrões para Implantar Métodos Ágeis},
  school   = {Instituto Tecnológico de Aerunáutica - ITA},
  author   = {Carvalho, G. Suelen},
  year     = {2011} 
}

@misc{PetternByOxford, 
  title={Deffinition: Pattern}, 
  author={Oxford Living Dictionaries}, 
  howpublished = {\url{https://en.oxforddictionaries.com/definition/pattern}},
  year={2017},
  note = {Acessado em 24/11/2017}
}

@misc{PatternsFormats, 
  title={A Timeless Way Of Communicating}, 
  author={Kerievzky Joshua}, 
  howpublished = {\url{https://www.slideshare.net/JoshuaKerievsky/a-timeless-way-of-communicating-alexandrian-pattern-languages}},
  year={2017},
  note = {Acessado em 24/11/2017}
}