@book{Strauss2007,
  author={Corbin, Juliet and Strauss, Anselm},
  title={Basics of Qualitative Research: Techniques and Procedures for Developing Grounded Theory},
  year={2007},
  isbn={141290644X, 978-1412906449},
  edition={3},
  numpages={400},
  publisher={SAGE Publications Ltd}
}

@book{Saldana2013,
  author={Saldaña, Johnny},
  title={The Coding Manual for Qualitative Researchers},
  year={2012},
  isbn={1446247376, 978-1446247372},
  edition={2},
  numpages={328},
  publisher={SAGE Publications Ltd}
}

@book{GlaserStrauss1999, 
  edition={1}, 
  title={The Discovery of Grounded Theory: Strategies for Qualitative Research}, 
  ISBN={0202302601, 978-0202302607}, 
  publisher={Aldine}, 
  author={Glaser, Barney G. and Strauss, Anselm L.}, 
  year={1999}, 
  numpages={271}
}

@article{Adolph2011, 
  title={Using grounded theory to study the experience of software development. Empirical Software Engineering}, 
  author={Adolph, Steve and Hall, Wendy and Kruchten, Philippe}, 
  year={2011}, 
  numpages={27}
}

@misc{ElaboracaoPesquisa, 
  title={A ELABORAÇÃO DE QUESTIONÁRIOS NA PESQUISA QUANTITATIVA}, 
  author={Manzato, Antonio J. e Santos, Adriana B.}, 
  howpublished = {\url{http://www.inf.ufsc.br/~vera.carmo/Ensino_2012_1/ELABORACAO_QUESTIONARIOS_PESQUISA_QUANTITATIVA.pdf}},
  note = {Acessado em 12/09/2016},
}