@article{A,
 author = {B. Chess and G. McGraw},
 title = {Static analysis for security},
 year = {2004},
 publisher = {IEEE},
}

@article{B,
 author = {V. B. Livshits and M. S. Lam},
 title = {Finding security vulnerabilities in Java applications with static analysis},
 year = {2005},
 publisher = {In Proc. of the 14th Conference on USENIX Security Symposium},
}

@article{C,
 author = {D. Wagner and J. Foster and E. Brewer and A. Aiken},
 title = {A first step towards automated detection of buffer overrun vulnerabilities},
 year = {2000},
 publisher = {In Network and Distributed System Security Symposium},
}

@article{D,
 author = {Yuan Zhang and Min Yang and Zhemin Yang and Guofei GU and Peng Ning, Binyu Zang},
 title = {Exploring Permission Induced Risk in Android-Applications for Malicious Detection},
 year = {2004},
 publisher = {IEEE transactions on information forensics and security},
}

@article{E,
 author = {Yuan Zhang and Min Yang and Zhemin Yang and Binyu Zang},
 title = {Permission Use Analysis for Vetting Undesirable Behaviors in Android Apps},
 year = {2014},
 publisher = {In IEEE transactions on information forensics and security},
}

@article{F,
 author = {Enck and William and Machigar Ongtang, Patrick Drew McDaniel},
 title = {Understanding Android Security},
 year = {2009},
 publisher = {IEEE security & privacy},
}

@article{G,
 author = {Enck and William and Machigar Ongtang, Patrick McDaniel},
 title = {Mitigating Android software misuse before it happens},
 year = {2008},
}

@article{J,
 author={Hu, Cuixiong and Neamtiu, Iulian},
 title = {Automating GUI testing for Android applications},
 year = {2011},
 publisher = {Proceedings of the 6th International Workshop on Automation of Software Test},
}

@article{H,
 author = {Wu and Lei},
 title = {The impact of vendor customizations on android security.},
 year = {2013},
 publisher = {Proceedings of the 2013 ACM SIGSAC conference on Computer & communications security},
}

@article{K,
 author = {Blasing and Thomas},
 title = {An android application sandbox system for suspicious software detection},
 year = {2010},
 publisher = {Malicious and unwanted software (MALWARE), 2010 5th international conference on. IEEE},
}
[K] Blasing and Thomas. "An android application sandbox system for suspicious software detection." Malicious and unwanted software (MALWARE), 2010 5th international conference on. IEEE, 2010.

@article{M, 
  title={Using GUI ripping for automated testing of Android applications}, 
  author={Amalfitano, Domenico and Fasolino, Anna and Tramontana, Porfirio and Carmine, Salvatore and Memon, Atif}, 
  year={2012}, 
}

[M] Amalfitano Domenico "Using GUI ripping for automated testing of Android applications." Proceedings of the 27th IEEE/ACM International Conference on Automated Software Engineering. ACM, 2012.


@article{N,
 author = {Wasserman, Anthony I},
 title = {Software engineering issues for mobile application development},
 year = {2010},
 publisher = {Proceedings of the FSE/SDP workshop on Future of software engineering research},
}
[N] Wasserman, Anthony I. "Software engineering issues for mobile application development." Proceedings of the FSE/SDP workshop on Future of software engineering research. ACM, 2010.

@article{O,
 author = {Horváth and Ferenc},
 title = {Code Coverage Measurement Framework for Android Devices},
 year = {2014},
 publisher = {Acta Cybern},
}
[O] Horváth and Ferenc, et al. "Code Coverage Measurement Framework for Android Devices." Acta Cybern. 21.3 (2014): 439-458.

@article{Z, 
  title={Automated Static Code Analysis for Classifying Android Applications Using Machine Learning}, 
  DOI={10.1109/CIS.2010.77}, 
  journal={ieee}, 
  publisher={IEEE}, 
  author={Shabtai, Asaf and Fledel, Yuval and Elovici, Yuval}, 
  year={2010}, 
}
[Z] Shabtai, Asaf, Yuval Fledel, and Yuval Elovici. "Automated static code analysis for classifying android applications using machine learning." Computational Intelligence and Security (CIS), 2010 International Conference on. IEEE, 2010. 

@article{Y,
 author={Chin, Erika and Felt, Adrienne and Greenwood, Kate and Wagner, David},
 title = {Analyzing inter-application communication in Android},
 year = {2011},
 publisher = {Proceedings of the 9th international conference on Mobile systems, applications, and services. ACM},
}
[Y] Chin, Erika, et al. "Analyzing inter-application communication in Android." Proceedings of the 9th international conference on Mobile systems, applications, and services. ACM, 2011.

@article{X,
 author = {Kavitha, K and Salini, P and Ilamathy, V},
 title = {Exploring the Malicious Android Applications and Reducing Risk using Static Analysis},
 year = {2016},
 publisher = {International Conference on Electrical, Electronics, and Optimization Techniques (ICEEOT)},
}
[X] Kavitha K. , Salini P. , Ilamathy V. "Exploring the Malicious Android Applications and Reducing Risk using Static Analysis" International Conference on Electrical, Electronics, and Optimization Techniques (ICEEOT), 2016

@article{L, 
  title={Experiences of system-level model-based GUI testing of an Android application}, 
  author={Takala and Tommi and Mika Katara, Julian Harty},
  year={2011}, 
  publisher = {Fourth IEEE International Conference on Software Testing, Verification and Validation. IEEE},
}

@article{FF, 
  title={Detecting Code Smells in Software Product Lines -- An Exploratory Study}, 
  DOI={10.1109/ITNG.2015.76}, 
  publisher={ieee}, 
  author={Abilio, Ramon and Padilha, Juliana and Figueiredo, Eduardo and Costa, Heitor}, 
  year={2015}, 
}

@article{GG,
 author = {McGregor, John D.},
 title = {Software Product Lines},
 year = {2004},
 publisher = {Journal of Object Technology},
}

@article{HH,
 author = {Wikipedia},
 title = {Linhas de Produtos de Software},
 howpublished = {\url{https://pt.wikipedia.org/wiki/Linha_de_produtos_de_software}},
 note = {Acessado em 28/10/2016}
}

@article{II,
 author = {Pohl K.},
 title = {Software Product Line Engineering: Foundations, Principles and Techniques},
 year = {2005},
 publisher = {Springer},
}

@article{JJ,
 author = {Prehofer C.},
 title = {Feature-Oriented Programming: A Fresh Look at Objects},
 year = {1997},
 publisher = {ECOOP},
}

@article{LL,
 author = {Apel S., Kastner C.},
 title = {An Overview of Feature-Oriented Software Development},
 year = {2009},
 publisher = {In JOT},
}

@article{CC,
 author = {S. Porto},
 title = {A plain english guide to JavaScript prototypes},
 year = {2013},
 publisher = {Conference on Software Engineering, páginas 1001-1012. ACM},
}

@article{DD,
 author = {D. Crockford},
 title = {JavaScript: the good parts},
 year = {2008},
 publisher = {O’Reilly Media, Incorporated},
}

@article{EE,
 author = {W3C},
 title = {Document Object Model (DOM) level 2 events specication},
 year = {2000},
 publisher = {Conference on Software Engineering, páginas 1001-1012. ACM},
}

@article{P,
 author = {Wenjia Wu and Jianan Wu and Yanhao Wang and Zhen Ling, Ming Yang},
 title = {Eficient Fingerprinting-based Android Device Identication with Zero-permission Identiers},
 year = {2016},
 publisher = {IEEE Access},
}

@article{R,
 author = {S. Yu},
 title = {Big privacy: Challenges and opportunities of privacy study in the age of big data},
 year = {2016},
 publisher = {IEEE Access},
}

@article{S,
 author = {Nilan Yildirim and Asaf Varol},
 title = {Android Based Mobile Application Development for  Web Login Authentication Using Fingerint  Recognition Feature},
 publisher = {IEEE},
}

@article{T,
 author = {Zheran Fang and Weili Han, Yingjiu Li},
 title = {Permission Based Android Security: Issues and Countermeasures},
 year = {2014},
 publisher = {ScienceDirect},
}