@MISC{ProcessoPesquisa:04,
  author = {M\'arcia R. T. L. Malheiros},
  title = {O Processo de Pesquisa na Gradua\c c\~ao},
  pages = {27},
  year = {2004},
  howpublished = {\url{http://www.profwillian.com/_diversos/download/prof/marciarita/pesquisa_na_graduacao.pdf}},
  note = {Acessado em 20/07/2016}
}

@MISC{TipoPesquisa:01,
  author = {Marco A. Togatlian},
  title = {Tipos de Pesquisa},
  year = {2001},
  howpublished = {\url{http://www.togatlian.pro.br/docs/pos/unesa/tipos.pdf}},
  note = {Acessado em 20/07/2016}
}

@article{King1994, 
  title={In Qualitative methods in organizational research - A practical guide}, 
  publisher={SAGE Publications Ltd}, 
  author={King, Nigel}, 
  year={1994}, 
  numpages={253}
}

@book{eco:09,
 author   = {Umberto Eco},
 title    = {Como se Faz uma Tese},
 edition  = {22º},
 publisher= {Perspectiva},
 note     = {Tradução Gilson Cesar Cardoso de Souza},
 year     = {2009},
}

@book{zobel:04,
 author   = {Justin Zobel},
 title    = {Writing for Computer Science: The art of effective communication},
 publisher= {Springer},
 edition  = {Segunda},
 year     = {2004},
}

@book{waz:09,
 author   = {Raul S. Wazlawick},
 title    = {Metodologia de Pesquisa em Ciencia da Computação},
 publisher= {Campus},
 edition  = {Primeira},
 year     = {2009},
}

@book{Higham:98,
 author   = {Nicholas J. Higham},
 title    = {Handbook of Writing for the Mathematical Sciences},
 edition  = {segunda},
 publisher= {SIAM: Society for Industrial and Applied Mathematics},
 month    = Aug,
 year     = {1998},
}

@book{Knuth:96,
 author   = {Donald E. Knuth and Tracy Larrabee and Paul M. Roberts},
 title    = {Mathematical Writing},
 publisher= {The Mathematical Association of America},
 month    = Sep,
 year     = {1996}
}

@article{alon09:how,
 author   = {Uri Alon},
 title    = {How To Choose a Good Scientific Problem},
 journal  = {Molecular Cell},
 year     = {2009},
 volume   = {35},
 number   = {6},
 pages    = {726--728},
 publisher= {Cell Press},
 month    = sep,
 doi      = {10.1016/j.molcel.2009.09.013},
}

@phdthesis{Prates2015, 
  title={Aplicando Síntese Temática em Engenharia de Software}, 
  school={Universidade Federal da Bahia e Universidade Estadual de Feira de Santana}, 
  author={Prates, Luciana Carla Lins}, 
  year={2015}, 
  numpages={205}
}