@article{padilha2013detecccao,
  title={Detecção de anomalias de código usando métricas de software},
  author={Padilha, Juliana},
  year={2013},
  publisher={UFMG}
}