@misc{CodeSmell:06,
  author = {Martin Fowler},
  title = {Code Smell},
  howpublished = {\url{http://martinfowler.com/bliki/CodeSmell.html}},
  year = {2006},
  month = Feb,
}

@misc{WikiCodeSmell, 
  title={Wikipedia Code Smell}, 
  year={2016},
  howpublished = {\url{https://en.wikipedia.org/wiki/Code_smell}},
  note = {Acessado em 14/11/2016}
}

@misc{WardsWikiCodeSmell, 
  title={Ward's Wiki - Code Smell}, 
  year={1995},
  howpublished = {\url{http://wiki.c2.com/?CodeSmell}},
  note = {Acessado em 05/10/2017}
}