@misc{UITecMundo2016, 
  title={A história da Interface Gr\'afica}, 
  author={TecMundo}, 
  howpublished = {\url{http://www.tecmundo.com.br/historia/9528-a-historia-da-interface-grafica.htm}},
  note = {Acessado em 26/10/2016}
}

@misc{UIWikipedia2016, 
  title={Interface do Utilizador}, 
  author={Wikipedia}, 
  howpublished = {\url{https://pt.wikipedia.org/wiki/Interface_do_utilizador}},
  note = {Acessado em 26/10/2016}
}

@book{GUIRaymond2004, 
  title={The Art of Unix Usability}, 
  author={Raymond, Eric Steven}, 
  year={2004},
  howpublished = {\url{http://www.catb.org/~esr/writings/taouu/html}},
  note = {Acessado em 26/10/2016}
}

@misc{MartinFowlerGUIArchitectures, 
  title={GUI Architectures)}, 
  howpublished={\url{https://www.martinfowler.com/eaaDev/uiArchs.html}},
  note={Acessado em 11/04/2017},
  year = {2017},
}