
@article{Moscarola:90,
  title={Enqu{\^e}tes et analyse de donn{\'e}es},
  author={Moscarola, Jacques},
  journal={Paris: Vuibert},
  volume={307},
  year={1990}
}

@book{Fink:95,
  title={How to sample in surveys. The survey kit},
  author={Fink, Arlene},
  year={1995},
  publisher={SAGE Publications, Incorporated}
}

@article{Survey:00,
  title={O método de pesquisa survey},
  author={Freitas, Henrique and Oliveira, M{\'\i}rian and Saccol, Amarolinda Zanela and Moscarola, Jean},
  journal={Revista de Administra\&ccdeil; {\~a}o da Universidade de S{\~a}o Paulo},
  volume={35},
  number={3},
  year={2000}
}

@article{Wohlin:00,
  title={Experimentation in software engineering: an introduction},
  author={Claes, Wohlin and Per, R and Martin, H and Magnus, CO and Bj{\"o}rn, R and Wessl{\'e}n, Anders},
  year={2000}
}

@article{Hozano:18,
  title={Are you smelling it? Investigating how similar developers detect code smells},
  author={Hozano, M{\'a}rio and Garcia, Alessandro and Fonseca, Baldoino and Costa, Evandro},
  journal={Information and Software Technology},
  volume={93},
  pages={130--146},
  year={2018},
  publisher={Elsevier}
}

@inproceedings{Peters:12,
  title={Evaluating the lifespan of code smells using software repository mining},
  author={Peters, Ralph and Zaidman, Andy},
  booktitle={Software Maintenance and Reengineering (CSMR), 2012 16th European Conference on},
  pages={411--416},
  year={2012},
  organization={IEEE}
}

@article{Taibi:17,
  title={How developers perceive smells in source code: A replicated study},
  author={Taibi, Davide and Janes, Andrea and Lenarduzzi, Valentina},
  journal={Information and Software Technology},
  volume={92},
  pages={223--235},
  year={2017},
  publisher={Elsevier}
}

@article{Li:07,
  title={An empirical study of the bad smells and class error probability in the post-release object-oriented system evolution},
  author={Li, Wei and Shatnawi, Raed},
  journal={Journal of systems and software},
  volume={80},
  number={7},
  pages={1120--1128},
  year={2007},
  publisher={Elsevier}
}

@article{Bevan:95,
  Author = {Bevan, N.},
  Journal = {Software Quality Journal},
  Pages = {115-130},
  Publisher = {Kluwer Academic Publishers},
  Title = {Measuring usability as quality of use},
  Url = {https://www.scopus.com/inward/record.uri?eid=2-s2.0-0001541725&doi=10.1007%2fBF00402715&partnerID=40&md5=91862ea246f871f352e0b5fc6458a44e},
  Volume = {4},
  Year = {1995}
}


@article{Slaughter:98,
 author = {Slaughter, Sandra A. and Harter, Donald E. and Krishnan, Mayuram S.},
 title = {Evaluating the Cost of Software Quality},
 journal = {Commun. ACM},
 volume = {41},
 number = {8},
 month = aug,
 year = {1998},
 issn = {0001-0782},
 pages = {67--73},
 numpages = {7},
 url = {http://doi.acm.org/10.1145/280324.280335},
 doi = {10.1145/280324.280335},
 acmid = {280335},
 publisher = {ACM},
 address = {New York, NY, USA},
} 

@inproceedings{Boehm:76,
 author = {Boehm, B. W. and Brown, J. R. and Lipow, M.},
 title = {Quantitative Evaluation of Software Quality},
 booktitle = {Proceedings of the 2Nd International Conference on Software Engineering},
 series = {ICSE '76},
 year = {1976},
 location = {San Francisco, California, USA},
 pages = {592--605},
 numpages = {14},
 url = {http://dl.acm.org/citation.cfm?id=800253.807736},
 acmid = {807736},
 publisher = {IEEE Computer Society Press},
 address = {Los Alamitos, CA, USA}
} 


% argumento sobre dificultar a analisabilidade do código, ainda não usei
@inproceedings{Abbes:11,
  title={An empirical study of the impact of two antipatterns, blob and spaghetti code, on program comprehension},
  author={Abbes, Marwen and Khomh, Foutse and Gueheneuc, Yann-Gael and Antoniol, Giuliano},
  booktitle={Software maintenance and reengineering (CSMR), 2011 15th European conference on},
  pages={181--190},
  year={2011},
  organization={IEEE}
}

@Misc{Gists,
  title        = {About Gists},
  howpublished = {\url{https://help.github.com/articles/about-gists}},
  month        = December,
  year         = {2017},
  note         = {[Last access: 25 de Dezembro de 2017]},
}

@book{Conover:99,
  title={Practical nonparametric statistics},
  author={Conover, W.J.},
  isbn={9780471160687},
  lccn={98008521},
  year={1999},
  publisher={Wiley}
}

@book{EffectSize:05,
  title={Effect sizes for research: A broad practical approach.},
  author={Grissom, Robert J and Kim, John J},
  year={2005},
  publisher={Lawrence Erlbaum Associates Publishers}
}

% ===
@Eletronic{EventBusAndroid,
  title        = {EventBus: Events for Android},
  author       = {Green Robot},
  howpublished = {\url{http://greenrobot.org/eventbus}},
  year         = {2017},
  note         = {[Last access: 25 de Novembro de 2017]},
}

@Misc{ButterKnife,
  author       = {Jake, Wharthon},
  title        = {Butter Knife},
  howpublished = {\url{http://jakewharton.github.io/butterknife/}},
  year         = {2017},
  note         = {[Last access: 25 de Novembro de 2017]},
}
% Mobile Apps (market shares, apps qt and downloads) -----------------------------------------------------------

% 84,1% Android Marketshare

@Misc{MobileMarketShares:16,
  title        = {Gartner Says Worldwide Smartphone Sales Grew 3.9 Percent in First Quarter of 2016},
  howpublished = {\url{http://www.gartner.com/newsroom/id/3323017}},
  month        = May,
  year         = {2016},
  note         = {[Last access: 25 de Novembro de 2017]},
}

% Mobile Marketshare at? 2015 (ref n?o usada)

@Misc{MobileMarketShareIDC:15,
  title        = {Smartphone {OS} Market Share, 2015 Q2},
  howpublished = {\url{http://www.idc.com/prodserv/smartphone-os-market-share.jsp}},
  year         = {2015},
  note         = {[Last access: 25 de Novembro de 2017]},
}

% 83,7% Android Marketshare at? 2016

@Misc{GrowthForecastIDC:16,
  title        = {Worldwide Smartphone Growth Forecast to Slow to 3.1\% in 2016 as Focus Shifts to Device Lifecycles, According to {IDC}},
  howpublished = {\url{http://www.idc.com/getdoc.jsp?containerId=prUS41425416}},
  month        = Jun,
  year         = {2016},
  note         = {[Last access: 25 de Novembro de 2017]},
}

% ===
@Misc{GlobalSmartphoneSales:09-17,
  title        = {Global mobile {OS} market share in sales to end users from 1st quarter 2009 to 1st quarter 2017},
  howpublished = {\url{https://www.statista.com/statistics/266136/global-market-share-held-by-smartphone-operating-systems}},
  year         = {2017},
  note         = {[Last access: 25 de Novembro de 2017]},
  author       = {Statista},
}

% ===
@Misc{PercentSmartphoneSales:09-16,
  title        = {Global mobile {OS} market share in sales to end users from 1st quarter 2009 to 1st quarter 2016)},
  howpublished = {\url{http://www.statista.com/statistics/266136/global-market-share-held-by-smartphone-operating-systems}},
  year         = {2016},
  note         = {[Last access: 25 de Novembro de 2017]},
  author       = {Statista},
}

@Misc{SmartphoneSales:09-16,
  title        = {Global smartphone sales to end users from 1st quarter 2009 to 1st quarter 2016, by operating system (in million units)},
  howpublished = {\url{http://www.statista.com/statistics/266219/global-smartphone-sales-since-1st-quarter-2009-by-operating-system}},
  year         = {2016},
  note         = {[Last access: 25 de Novembro de 2017]},
  publisher    = {Statista.com},
}
%

@Misc{AppInPlayStore:09-16,
  title        = {Number of available applications in the Google Play Store from December 2009 to February 2016},
  howpublished = {\url{http://www.statista.com/statistics/266210/number-of-available-applications-in-the-google-play-store}},
  year         = {2016},
  note         = {[Last access: 25 de Novembro de 2017]},
  publisher    = {Statista.com},
}

% Adroid Auto, TV SmartWtatch

@Misc{AndroidAuto:16,
  title        = {Ford ter\'a Apple CarPlay e Android Auto em todos os modelos nos {EUA}},
  howpublished = {\url{http://g1.globo.com/carros/noticia/2016/07/ford-tera-apple-carplay-e-android-auto-em-todos-os-modelos-nos-eua.html}},
  year         = {2017},
  note         = {[Last access: 25 de Novembro de 2017]},
}

%

@Misc{AndroidSmart:14,
  title        = {Google Android software spreading to cars, watches, TV},
  howpublished = {\url{http://phys.org/news/2014-06-google-android-software-cars-tv.html}},
  month        = Jun,
  year         = {2014},
  note         = {[Last access: 25 de Novembro de 2017]},
}

% Downaload de apps
%

@Misc{AppAnnie:16,
  title        = {App Annie Index Market Q1 2016: China Takes Japan?s \#2 Spot for {iOS} Revenue},
  howpublished = {\url{https://www.appannie.com/insights/market-data/app-annie-index-market-q1-2016}},
  month        = Apr,
  year         = {2016},
  note         = {[Last access: 25 de Novembro de 2017]},
}

% Android Device/Brand fragmentation

% ===
@Misc{AndroidFragmentation,
  title        = {Android Fragmentation Visualized},
  author       = {OpenSignal},
  howpublished = {\url{http://opensignal.com/reports/2015/08/android-fragmentation}},
  year         = {2015},
  note         = {[Last access: 25 de Novembro de 2017]},
}

@Misc{AdaptersPreussler2016,
  author       = {Preussler, Danny},
  title        = {Writing Better Adapters},
  howpublished = {\url{https://medium.com/\@dpreussler/writing-better-adapters-1b09758407d2\#.tbvvw3krr}},
  year         = {2016},
  note         = {[Last access: 25 de Novembro de 2017]},
}

@InProceedings{ErikaComDroid,
  author    = {Chin, Erika and Felt, Adrienne Porter and Greenwood, Kate and Wagner, David},
  title     = {Analyzing Inter-application Communication in Android},
  booktitle = {Proceedings of the 9th International Conference on Mobile Systems, Applications, and Services},
  year      = {2011},
  series    = {MobiSys '11},
  pages     = {239--252},
  address   = {New York, NY, USA},
  publisher = {ACM},
  acmid     = {2000018},
  doi       = {10.1145/1999995.2000018},
  isbn      = {978-1-4503-0643-0},
  keywords  = {Android, intents, message passing, mobile phone security},
  location  = {Bethesda, Maryland, USA},
  numpages  = {14},
  url       = {http://doi.acm.org/10.1145/1999995.2000018},
}

@InProceedings{AdriennePermission,
  author    = {Felt, Adrienne Porter and Ha, Elizabeth and Egelman, Serge and Haney, Ariel and Chin, Erika and Wagner, David},
  title     = {Android Permissions: User Attention, Comprehension, and Behavior},
  booktitle = {Proceedings of the Eighth Symposium on Usable Privacy and Security},
  year      = {2012},
  series    = {SOUPS '12},
  pages     = {3:1--3:14},
  address   = {New York, NY, USA},
  publisher = {ACM},
  acmid     = {2335360},
  articleno = {3},
  doi       = {10.1145/2335356.2335360},
  isbn      = {978-1-4503-1532-6},
  keywords  = {Android, mobile phones, smartphones, usable security},
  location  = {Washington, D.C.},
  numpages  = {14},
  url       = {http://doi.acm.org/10.1145/2335356.2335360},
}

@InProceedings{LanceComunicationStrategies,
  author    = {Allison, Lance A. and Fuad, Mohammad Muztaba},
  title     = {Inter-app Communication Between Android Apps Developed in App-inventor and Android Studio},
  booktitle = {Proceedings of the International Conference on Mobile Software Engineering and Systems},
  year      = {2016},
  series    = {MOBILESoft '16},
  pages     = {17--18},
  address   = {New York, NY, USA},
  publisher = {ACM},
  acmid     = {2897117},
  doi       = {10.1145/2897073.2897117},
  isbn      = {978-1-4503-4178-3},
  keywords  = {Android, Android studio, app inventor, mobile apps},
  location  = {Austin, Texas},
  numpages  = {2},
  url       = {http://doi.acm.org/10.1145/2897073.2897117},
}

% ------------------------------------------------------------------------
% Related or found above
% ------------------------------------------------------------------------

@Misc{ComDroidErika,
  title = {ComDroid Tool},
  note  = {[Last access: 25 de Novembro de 2017]},
  url   = {https://github.com/whitehatpanda/comdroid},
}
% Energy Quality Smells
% Compila maus cheiros relacionados ao consumo de energia de diversas fontes, 
% n?o necessariamente mobile, apresenta o motivo de afetar o consumo de energia, 
% como detectar e reestruturar dando exemplos com android.
% Lista de paper que citam este artigo: https://www.researchgate.net/publication/235705377_Removing_Energy_Code_Smells_with_Reengineering_Services?enrichId=rgreq-26b8c5c4c7df4801d1a5d3c8c151e057-XXX&enrichSource=Y292ZXJQYWdlOzIzNTcwNTM3NztBUzoxMDE1NTEyNTk1MjEwMzVAMTQwMTIyMzExNTc1MA%3D%3D&el=1_x_2

% ===
@Article{RemovingEnergySmells:12,
  title={Removing Energy Code Smells with Reengineering Services},
  author={Gottschalk, Marion and Josefiok, Mirco and Jelschen, Jan and Winter, Andreas},
  journal={GI-Jahrestagung},
  volume={208},
  pages={441--455},
  year={2012}
}

% 30 Quality Smells => http://www.modelrefactoring.org/smell_catalog
% Baseado na documenta??o do Google: https://developer.android.com/guide/practices/seamlessness.html#interrupt

@Article{30QualitySmells:14,
  author = {Reimann, Jan and Brylski, Martin},
  title  = {A Tool-Supported Quality Smell Catalogue For Android Developers},
  year   = {2014},
}

% ------------------------------------------------------------------------
% Maus cheiros tradicionais em apps Android
% ------------------------------------------------------------------------

% ===
@PhdThesis{MobileSmells:13,
  author = {Dani\"el Verloop},
  title  = {Code Smells in the Mobile Applications Domain},
  school = {TU Delft, Delft University of Technology},
  year   = {2013},
}

@Article{DomainMatters,
  title={Domain matters: bringing further evidence of the relationships among anti-patterns, application domains, and quality-related metrics in java mobile apps},
  author={Linares-V{\'a}squez, Mario and Klock, Sam and McMillan, Collin and Saban{\'e}, Aminata and Poshyvanyk, Denys and Gu{\'e}h{\'e}neuc, Yann-Ga{\"e}l},
  booktitle={Proceedings of the 22nd International Conference on Program Comprehension},
  pages={232--243},
  year={2014},
  organization={ACM}
}

# ===
@InProceedings{Hecht:15,
  title     = {An Approach to Detect Android Antipatterns},
  author    = {Hecht, Geoffrey},
  organization={IEEE Press},
  year      = {2015},
  volume    = {2},
  pages     = {766-768},
  month     = {May},
  issn      = {0270-5257},
  booktitle = {2015 IEEE/ACM 37th IEEE International Conference on Software Engineering},
}

@InProceedings{HetchDetectingAntipatternsAndroidApps:15,
  author    = {G. Hecht and R. Rouvoy and N. Moha and L. Duchien},
  title     = {Detecting Antipatterns in Android Apps},
  booktitle = {2015 2nd ACM International Conference on Mobile Software Engineering and Systems},
  year      = {2015},
  pages     = {148-149},
  month     = {May},
}

@Article{Mannan_Dig_Ahmed_Jensen_Abdullah_Almurshed,
  author = {Mannan, Umme and Dig, Danny and Ahmed, Iftekhar and Jensen, Carlos and Abdullah, Rana and Almurshed, M},
  title  = {Understanding Code Smells in Android Applications},
  year   = {2017},
  doi    = {10.1145/2897073.2897094},
}

% ------------------------------------------------------------------------
% Apps Android vs Softwares Tradicionais
% ------------------------------------------------------------------------

@Article{Mantyla2013,
  author  = {Roberto Minelli and Michele Lanza},
  title   = {Software analytics for mobile applications, insights \& lessons learned},
  journal = {In Proceedings of the 2013 17th European Conference on Software Maintenance and Reengineering},
  year    = {2013},
}


% ------------------------------------------------------------------------
% Related or found above
% ------------------------------------------------------------------------

% Citado em "A Tool-Supported Quality Smell Catalogue For Android Developers" como [4]

@Article{Reimann,
  author    = {Reimann, Jan and Assmann, Uwe},
  title     = {Quality-Aware Refactoring For Early Detection And Resolution Of Energy Deficiencies},
  year      = {2013},
  publisher = {In 4th International Workshop on Green and Cloud Computing Management},
}

@Article{AndroidUI1:17,
  author     = {Juliana Oliveira and Deise Borges and Thaisa Silva and Nelio Cacho and Fernando Castor},
  title      = {Do android developers neglect error handling? a maintenance-Centric study on the relationship between android abstractions and uncaught exceptions},
  journal    = {Journal of Systems and Software},
  year       = {2017},
  volume     = {136},
  pages      = {1 - 18},
  issn       = {0164-1212},
  bdsk-url-1 = {http://www.sciencedirect.com/science/article/pii/S0164121217302558},
  bdsk-url-2 = {https://doi.org/10.1016/j.jss.2017.10.032},
  doi        = {https://doi.org/10.1016/j.jss.2017.10.032},
  keywords   = {Exception handling, Android, Robustness, Maintainability},
  url        = {http://www.sciencedirect.com/science/article/pii/S0164121217302558},
}

@Article{AndroidUI2:17,
  author     = {Seyyed Ehsan Salamati Taba and Iman Keivanloo and Ying Zou and Shaohua Wang},
  title      = {An exploratory study on the usage of common interface elements in android applications},
  journal    = {Journal of Systems and Software},
  year       = {2017},
  volume     = {131},
  pages      = {491 - 504},
  issn       = {0164-1212},
  bdsk-url-1 = {http://www.sciencedirect.com/science/article/pii/S0164121216301170},
  bdsk-url-2 = {https://doi.org/10.1016/j.jss.2016.07.010},
  doi        = {https://doi.org/10.1016/j.jss.2016.07.010},
  keywords   = {Mobile applications, Common UI elements, User-perceived quality},
  url        = {http://www.sciencedirect.com/science/article/pii/S0164121216301170},
}

@Article{AndroidUI3:17,
  author     = {Seokjun Lee and Hojung Cha},
  title      = {User interface-level {QoE} analysis for Android application tuning},
  journal    = {Pervasive and Mobile Computing},
  year       = {2017},
  volume     = {40},
  pages      = {382 - 396},
  issn       = {1574-1192},
  bdsk-url-1 = {http://www.sciencedirect.com/science/article/pii/S157411921630147X},
  bdsk-url-2 = {https://doi.org/10.1016/j.pmcj.2017.04.004},
  doi        = {https://doi.org/10.1016/j.pmcj.2017.04.004},
  keywords   = {Android application, Power saving, Developers' tool},
  url        = {http://www.sciencedirect.com/science/article/pii/S157411921630147X},
}

@Misc{AndroidDeveloperMainThread,
  author       = {Google},
  title        = {Android -- Processes and Threads},
  howpublished = {\url{https://developer.android.com/guide/components/processes-and-threads.html\#Threads}},
  year         = {2017},
  note         = {[Last access: 25 de Novembro de 2017]},
}

@Misc{AndroidDeveloperLifeCycle,
  author       = {Google},
  title        = {Android -- Handling Lifecycles with Lifecycle-Aware Components},
  howpublished = {\url{https://developer.android.com/topic/libraries/architecture/lifecycle.html}},
  year         = {2017},
  note         = {[Last access: 25 de Novembro de 2017]},
}

@Misc{AndroidDeveloperSite2016,
  author       = {Google},
  title        = {Documenta\c{c}\~ao Site Android Developer},
  howpublished = {\url{https://developer.android.com}},
  year         = {2016},
  note         = {[Last access: 25 de Novembro de 2017]},
}

@Misc{AndroidDevProjectStructure,
  author       = {Google},
  title        = {Android -- Project Overview},
  howpublished = {\url{https://developer.android.com/studio/projects/index.html}},
  year         = {2017},
  note         = {[Last access: 25 de Novembro de 2017]},
}

@Misc{AndroidDevServices,
  author       = {Google},
  title        = {Android -- Services},
  howpublished = {\url{https://developer.android.com/guide/components/services.html}},
  year         = {2017},
  note         = {[Last access: 25 de Novembro de 2017]},
}

@Misc{AndroidDevAbout:17,
  author       = {Google},
  title        = {Android, the world's most popular mobile platform},
  howpublished = {\url{https://developer.android.com/about/android.html}},
  year         = {2017},
  note         = {[Last access: 25 de Novembro de 2017]},
}

@Misc{AndroidStudio,
  author       = {Google},
  title        = {Android Studio},
  howpublished = {\url{https://developer.android.com/studio/index.html}},
  year         = {2016},
  note         = {[Last access: 25 de Novembro de 2017]},
}

% ===
@Misc{WikiAndroidRuntime,
  author = "Wikipedia",
  title = "{Android Runtime} --- {W}ikipedia{,} The Free Encyclopedia",
  year = "2017",
  howpublished = {\url{http://en.wikipedia.org/w/index.php?title=Android\%20Runtime&oldid=801184002}},
  note         = {[Last access: 25 de Novembro de 2017]},
}

@Misc{AndroidFundamentals,
  author       = {Google},
  title        = {Android -- Fundamentals},
  howpublished = {\url{https://developer.android.com/guide/components/fundamentals.html}},
  year         = {2017},
  note         = {[Last access: 25 de Novembro de 2017]},
}

@Misc{AndroidPlatformArchitecture,
  author       = {Google},
  title        = {Android -- Plataform Architecture},
  howpublished = {\url{https://developer.android.com/guide/platform/index.html}},
  note         = {[Last access: 25 de Novembro de 2017]},
}

@Misc{AndroidUIEvents,
  author       = {Google},
  title        = {Android -- {UI} Events},
  howpublished = {\url{https://developer.android.com/guide/topics/ui/ui-events.html}},
  note         = {[Last access: 25 de Novembro de 2017]},
}

@Misc{AndroidResourcesOverview,
  author       = {Google},
  title        = {Android -- Resources Overview},
  howpublished = {\url{https://developer.android.com/guide/topics/resources/overview.html}},
  year         = {2016},
  note         = {[Last access: 25 de Novembro de 2017]},
}

@Misc{AndroidProvidingResources,
  author       = {Google},
  title        = {Android -- Providing Resources},
  howpublished = {\url{https://developer.android.com/guide/topics/resources/providing-resources.html}},
  year         = {2016},
  note         = {[Last access: 25 de Novembro de 2017]},
}

@Misc{AndroidResourceType,
  author       = {Google},
  title        = {Android -- Resource Type},
  howpublished = {\url{https://developer.android.com/guide/topics/resources/available-resources.html}},
  year         = {2016},
  note         = {[Last access: 25 de Novembro de 2017]},
}

@Misc{AndroidUIOverview,
  author       = {Google},
  title        = {Android -- {UI} Overview},
  howpublished = {\url{https://developer.android.com/guide/topics/ui/overview.html}},
  year         = {2016},
  note         = {[Last access: 25 de Novembro de 2017]},
}

@Misc{AndroidLayouts,
  author       = {Google},
  title        = {Android -- Layouts},
  howpublished = {\url{https://developer.android.com/guide/topics/ui/declaring-layout.html}},
  year         = {2016},
  note         = {[Last access: 25 de Novembro de 2017]},
}

@Misc{AndroidLayoutResources,
  author       = {Google},
  title        = {Android -- Layout Resources},
  howpublished = {\url{https://developer.android.com/guide/topics/resources/layout-resource.html}},
  year         = {2016},
  note         = {[Last access: 25 de Novembro de 2017]},
}

@Misc{AndroidStyleResources,
  author       = {Google},
  title        = {Android -- Style Resources},
  howpublished = {\url{https://developer.android.com/guide/topics/resources/style-resource.html}},
  year         = {2016},
  note         = {[Last access: 25 de Novembro de 2017]},
}

@Misc{AndroidStringResources,
  author       = {Google},
  title        = {Android -- String Resources},
  howpublished = {\url{https://developer.android.com/guide/topics/resources/string-resource.html}},
  year         = {2016},
  note         = {[Last access: 25 de Novembro de 2017]},
}

@Misc{AndroidDrawableResources,
  author       = {Google},
  title        = {Android -- Drawable Resources},
  howpublished = {\url{https://developer.android.com/guide/topics/resources/drawable-resource.html}},
  year         = {2016},
  note         = {[Last access: 25 de Novembro de 2017]},
}

@Misc{AndroidActivities2016,
  author       = {Google},
  title        = {Android -- Activities},
  howpublished = {\url{https://developer.android.com/guide/components/activities.html}},
  year         = {2016},
  note         = {[Last access: 25 de Novembro de 2017]},
}

@Misc{AndroidDevActivityReference,
  author       = {Google},
  title        = {Android -- Activity Reference},
  howpublished = {\url{https://developer.android.com/reference/android/app/Activity.html}},
  year         = {2016},
  note         = {[Last access: 25 de Novembro de 2017]},
}

@Misc{AndroidFragments,
  author       = {Google},
  title        = {Android -- Fragments},
  howpublished = {\url{https://developer.android.com/guide/components/fragments.html}},
  year         = {2016},
  note         = {[Last access: 25 de Novembro de 2017]},
}

@Misc{AndroidDevBroadcast,
  author       = {Google},
  title        = {Android -- Async Task},
  howpublished = {\url{https://developer.android.com/guide/components/broadcasts.html}},
  year         = {2016},
  note         = {[Last access: 25 de Novembro de 2017]},
}

@Misc{AndroidDevAsyncTask,
  author       = {Google},
  title        = {Android -- Async Task},
  howpublished = {\url{https://developer.android.com/reference/android/os/AsyncTask.html}},
  year         = {2016},
  note         = {[Last access: 25 de Novembro de 2017]},
}

% ===
@Misc{AndroidHistory,
   author = "Wikipedia",
   title = "{Android version history} --- {W}ikipedia{,} The Free Encyclopedia",
   year = "2017",
   howpublished = {\url{http://en.wikipedia.org/w/index.php?title=Android\%20version\%20history&oldid=811835673}},
   note = "[Last access: 25 de November de 2017]"
}

https://www.openhandsetalliance.com/press_111207.html

% ===
@Misc{OHAReleasesAndroidSDK:07,
  author       = {Open Handset Alliance},
  title        = {Open Handset Alliance Releases Android {SDK}},
  howpublished = {https://www.openhandsetalliance.com/press_111207.html},
  year         = {2007},
  note         = {[Last access: 25 de Novembro de 2017]},
}

@Misc{AndroidRuntimeDalvikArtExplained,
  title        = {Android: entenda as diferenças entre o {ART} e o Dalvik},
  howpublished = {\url{http://www.tecmundo.com.br/android/54387-android-entenda-diferencas-entre-art-o-dalvik.htm}},
  note         = {[Last access: 25 de Novembro de 2017]},
}

@Misc{FirstApp2017,
  author       = {Google},
  title        = {Android -- Building Your First App},
  howpublished = {\url{https://developer.android.com/training/basics/firstapp/creating-project.html}},
  year         = {2016},
  note         = {[Last access: 25 de Novembro de 2017]},
}

@Misc{OptmizingViewHierarchies,
  author       = {Google},
  title        = {Android -- Optimizing View Hierarchies},
  howpublished = {\url{https://developer.android.com/topic/performance/rendering/optimizing-view-hierarchies.html}},
  year         = {2017},
  note         = {[Last access: 25 de Novembro de 2017]},
}

@Misc{AluraViewHolder,
  author       = {Google},
  title        = {Android -- RecyclerView},
  howpublished = {\url{https://developer.android.com/reference/android/support/v7/widget/RecyclerView.html}},
  year         = {2017},
  note         = {[Last access: 25 de Novembro de 2017]},
}

https://developer.android.com/reference/android/support/v7/widget/RecyclerView.html


% ===
@Article{AnicheSmellsMVC:17,
  title     = {Code smells for Model-View-Controller architectures},
  author    = {Aniche, Maur{\'\i}cio and Bavota, Gabriele and Treude, Christoph and Gerosa, Marco Aur{\'e}lio and van Deursen, Arie},
  journal   = {Empirical Software Engineering},
  pages     = {1--37},
  year      = {2017},
  month     = {9},
  issn      = {1382-3256},
  doi       = {10.1007/s10664-017-9540-2},
  keywords  = {Code smells, Code anomalies, Code anti-patterns, Software maintenance, Code quality},
  publisher = {Springer Netherlands},
}

% tese

@Article{FinavaroAniche2016,
  author = {Aniche, Maurício and Gerosa, Marco},
  title  = {Architectural Roles in Code Metric Assessment and Code Smell Detection},
  year   = {2016},
}

@InProceedings{aniche2016satt,
  author       = {Aniche, Maur{\'\i}cio and Treude, Christoph and Zaidman, Andy and van Deursen, Arie and Gerosa, Marco Aur?lio},
  title        = {{SATT}: Tailoring Code Metric Thresholds for Different Software Architectures},
  booktitle    = {Source Code Analysis and Manipulation (SCAM), 2016 IEEE 16th International Working Conference on},
  year         = {2016},
  pages        = {41--50},
  organization = {IEEE},
}

% ------------------------------------------------------------------------
% Related or found above
% ------------------------------------------------------------------------

% Citado em "Architectural Roles in Code Metric Assessment and Code Smell Detection" como [49]

@InProceedings{GrissomKim2005,
  author    = {Grissom, Robert J and Kim, John J},
  title     = {Effect Sizes for Research: Univariate and Multivariate Applications},
  year      = {2005},
  pages     = {272},
  month     = {Mar},
  publisher = {Routledge},
  edition   = {1},
  isbn      = {0805850147},
}

% Citado em "Architectural Roles in Code Metric Assessment and Code Smell Detection" como [27]

@Book{Conover1999,
  title     = {Practical Nonparametric Statistics},
  publisher = {Wiley},
  year      = {1999},
  author    = {W, Conover J},
  edition   = {3},
  month     = {Dec},
  isbn      = {0471160687},
  pages     = {584},
}

@Article{Zhang2013,
  author  = {Feng Zhang and Audris Mockus and Ying Zou and Foutse Khomh and Ahmed E Hassan},
  title   = {How does context affect the distribution of software maintainability metrics?},
  journal = {In IEEE International Conference on Software Maintenance, p?ginas 350-359. IEEE},
  year    = {2013},
}

@Article{Khomh:2012:ESI:2158916.2158921,
  author    = {Khomh, Foutse and Penta, Massimiliano Di and Gu\'{e}h\'{e}neuc, Yann-Ga\"{e}l and Antoniol, Giuliano},
  title     = {An Exploratory Study of the Impact of Antipatterns on Class Change-and Fault-proneness},
  journal   = {Empirical Softw. Engg.},
  year      = {2012},
  volume    = {17},
  number    = {3},
  month     = jun,
  acmid     = {2158921},
  address   = {Hingham, MA, USA},
  doi       = {10.1007/s10664-011-9171-y},
  keywords  = {Antipatterns, Empirical software engineering, Mining software repositories},
  numpages  = {33},
  publisher = {Kluwer Academic Publishers},
  url       = {http://dx.doi.org/10.1007/s10664-011-9171-y},
}

@Article{Krasner:1988:CUM:50757.50759,
  author     = {Krasner, Glenn E. and Pope, Stephen T.},
  title      = {A Cookbook for Using the Model-view Controller User Interface Paradigm in Smalltalk-80},
  journal    = {J. Object Oriented Program.},
  year       = {1988},
  volume     = {1},
  number     = {3},
  pages      = {26--49},
  month      = aug,
  issn       = {0896-8438},
  acmid      = {50759},
  address    = {Denville, NJ, USA},
  issue_date = {Aug./Sept. 1988},
  numpages   = {24},
  publisher  = {SIGS Publications},
  url        = {http://dl.acm.org/citation.cfm?id=50757.50759},
}

@Misc{PMD2016,
  title        = {{PMD} (2016)},
  howpublished = {\url{https://pmd.github.io}},
  year         = {2016},
  note         = {[Last access: 25 de Novembro de 2017]},
}

@Misc{Sonarqube2016,
  title        = {Sonarqube (2016)},
  howpublished = {\url{http://www.sonarqube.org}},
  year         = {2016},
  note         = {[Last access: 25 de Novembro de 2017]},
}

@Article{TsantalisChaikalis2008,
  author = {Tsantalis, N and Chaikalis, T},
  title  = {JDeodorant: Identification and removal of type-checking bad smells},
  year   = {2008},
  doi    = {10.1109/CSMR.2008.4493342},
  url    = {http://ieeexplore.ieee.org/xpls/abs_all.jsp?arnumber=4493342},
}

% Este bib está organizado de forma cronológica, do mais antigo ao mais recente
% -----------------------------------------------------------------------------

% ===
@Article{PatternAlexander:77,
  title={A Pattern Language: Towns, Buildings, Construction (Center for Environmental Structure)},
  author={Alexander, Christopher and Ishikawa, Sara and Silverstein, Murray and Jacobson, Max and Fiksdahl-King, Ingrid and Angel, Shlomo},
  year={1977},
  publisher={Oxford University Press}
}

% Citado em "Architectural Roles in Code Metric Assessment and Code Smell Detection" como [116]
% Possivelmente o primeiro lugar onde o termo code smell foi usado para se referir a más práticas.

% ===
@Book{Webster:95,
  title     = {Pitfalls of Object-Oriented Development},
  publisher = {M \& T Books},
  year      = {1995},
  author    = {Webster F, Bruce},
}

% ===
@Book{GoF:95,
  title     = {Design Patterns: Elements of Reusable Object-oriented Software},
  publisher = {Addison-Wesley},
  year      = {1995},
  author    = {Gamma, Erich and Helm, Richard and Johnson, Ralph and Vlissides, John},
  isbn      = {0-201-63361-2},
}

% ===
@Book{Riel:96,
  title     = {Object-Oriented Design Heuristics},
  publisher = {Addison-Wesley Publishing Company},
  volume    = {335},
  year      = {1996},
  author    = {J. Riel, Arthur},
  isbn      = {9780201633856},
  lccn      = {lc95048396},
  url       = {https://books.google.com.br/books?id=oHkhAQAAIAAJ},
}

% ===
@Book{AntiPatterns:98,
  title={AntiPatterns: refactoring software, architectures, and projects in crisis},
  author={Brown, William H and Malveau, Raphael C and McCormick, Hays W and Mowbray, Thomas J},
  year={1998},
  publisher={John Wiley \& Sons, Inc.}  
}

% Mais conhecida e usada definição de mau cheiro

% === 
@Book{Refactoring:99,
  title={Refactoring: improving the design of existing code},
  author={Fowler, Martin and Beck, Kent},
  year={1999},
  publisher={Addison-Wesley Professional},
  isbn= {0-201-48567-2},
}

% Citado em "Architectural Roles in Code Metric Assessment and Code Smell Detection" como [2]

@Book{CoreJ2EE:03,
  title     = {Core {J2EE} Patterns: Best Practices and Design Strategies},
  publisher = {Prentice Hall PTR},
  year      = {2003},
  author    = {Alur, D. and Crupi, J. and Malks, D.},
  series    = {Core Series},
  isbn      = {9780131422469},
  lccn      = {2004266715},
  url       = {https://books.google.com.br/books?id=1dx34EMVyi8C},
}

@Book{CleanCode:08,
  title     = {Clean Code: A Handbook of Agile Software Craftsmanship},
  publisher = {Prentice Hall PTR},
  year      = {2008},
  author    = {Martin, Robert C.},
  address   = {Upper Saddle River, NJ, USA},
  edition   = {1},
  isbn      = {0132350882, 9780132350884},
}

% Citado em "Architectural Roles in Code Metric Assessment and Code Smell Detection" como [98]

@Book{Rozanski:12,
  title     = {Software Systems Architecture: Working with Stakeholders Using Viewpoints and Perspectives},
  publisher = {Addison-Wesley},
  year      = {2012},
  author    = {Rozanski, N. and Woods, E.},
  isbn      = {9780321718334},
  lccn      = {2011040253},
  url       = {https://books.google.com.br/books?id=ka4QO9kXQFUC},
}

% ===
@Book{Refactoring:14,
  title     = {Refactoring for software design smells: Managing technical debt},
  author    = {Suryanarayana, Girish and Samarthyam, Ganesh and Sharma, Tushar},
  year      = {2014},
  publisher = {Morgan Kaufmann},
  isbn      = {9780128016466},
  lccn      = {2014029955},
  url       = {https://books.google.com.br/books?id=1SaOAwAAQBAJ},
}

# ===
@Misc{CISQ,
  title = {Consortium for {IT} Software Quality},
  author= {CISQ}, 
  year  = {2017},
  howpublished = {\url{http://it-cisq.org}},
}

% ===
@Misc{CISQAnnounce:09,
  author = {Software Engineering Institute - Carnegie Mellon University},
  title  = {Carnegie Mellon SEI and OMG Announce the Launch of CISQ-The Consortium for IT Software Quality (www.it-cisq.org)},
  year   = {2009},
  url    = {https://www.sei.cmu.edu/newsitems/cisq.cfm},
}

@Book{SWEBOK:14,
  title     = {{SWEBOK} V3.0 Guide to the Software Engineering Body of Knowledge},
  publisher = {IEEE},
  year      = {2014},
  author    = {Bourque, Pierre and Fairley E., Richard},
  isbn      = {0-7695-5166-1},
  url       = {https://www.computer.org/web/swebok/v3},
}

% ===
@Book{StefanSoftwareQuality:13,
  title     = {Software Product Quality Control},
  publisher = {Springer-Verlag Berlin Heidelberg},
  year      = {2013},
  author    = {Wagner, Stefan},
  isbn      = {978-3-642-38570-4},
}

% citado como [108] em SoftwareQuality:13

@Misc{ISOIECIEEE:10,
  author = {ISO/IEC/IEEE 24765:2010},
  title  = {Systems and software engineering - vocabulary},
  year   = {2010},
}

% citado como [24] em SoftwareQuality:13

% === 
@Book{Boehm:78,
  title     = {Characteristics of software quality},
  publisher = {North-Holland Pub. Co.},
  year      = {1978},
  author    = {Berry W., Boehm and J.R., Brown and H., Kaspar and M., Lipow and G.J., Macleod and M.J., Merrit},
  series    = {TRW series of software technology},
  lccn      = {78319591},
  url       = {https://books.google.com.br/books?id=Cdm0AAAAIAAJ},
}

% citado como [149] em SoftwareQuality:13

@Article{McCall:77,
  author = {McCall, Jim A. and Richards, Paul K. and Walters, Gene F.},
  title  = {Factors in software quality: Concept and Definitions of Software Quality},
  year   = {1977},
  volume = {I},
  pages  = {188},
}

% citado como [107] em SoftwareQuality:13

% ===
@Article{ISO9126:91,
  title={Software engineering--Product quality--Part 1: Quality model},
  author={Coallier, Francois},
  journal={International Organization for Standardization: Geneva, Switzerland},
  year={1991}
}

% citado como [97] em SoftwareQuality:13

% === 
@Article{ISO25010:11,
  title={{IEC25010}: 2011 Systems and software engineering--Systems and software Quality Requirements and Evaluation ({SQuaRE})--System and software quality models},
  author={ISO},
  journal={International Organization for Standardization},
  volume={34},
  pages={2910},
  year={2011}
}

% citado como [77] em SoftwareQuality:13

% ===
@Book{ModelFURPS:87,
  title     = {Software Metrics: Establishing a Company-Wide Program},
  publisher = {Prentice Hall},
  year      = {1987},
  author    = {Grady, Robert B. and Caswell, Deborah L.},
  isbn      = {0138218447},
}

@Book{CodeQuality:06,
  title     = {Code Quality: The Open Source Perspective},
  publisher = {Addison Wesley},
  year      = {2006},
  author    = {Spinellis, Diomidis},
  isbn      = {0-321-16607-8},
}

@Book{CodeComplete:04,
  title     = {Code Complete},
  publisher = {Microsoft Press},
  year      = {2004},
  author    = {McConnell, Steve},
  address   = {Redmond, WA, USA},
  isbn      = {0735619670, 9780735619678},
}

@Book{JuranQuality:1998,
  title     = {Juran's Quality Handbook},
  publisher = {McGraw-Hill},
  year      = {1998},
  author    = {Joseph M. ,Juran and A. Blanton, Godfrey},
  edition   = {5?},
  isbn      = {0-07-034003-X},
}

% ===
@Article{ISO9000:00,
  title={{ISP} 9000:2000 -- Quality Management Systems: Fundamentals and Vocabulary},
  author={ISO9000, BSEN},
  journal={London: British Standards Institution},
  year={2000},
  howpublished = {\url{https://www.iso.org/standard/29280.html}},
}

@Article{SmartSociety:13,
  author  = {Muhammad Sarwar and Tariq R. Soomro},
  title   = {Impact of Smartphone's on Society},
  journal = {European Journal of Scientific Research},
  year    = {2013},
  volume  = {98},
  number  = {2},
  pages   = {216-226},
  month   = Mar,
  note    = {\url{http://www.europeanjournalofscientificresearch.com}},
}

# ===
@Misc{WikiIosDevices,
  author = "Wikipedia",
  title = "{IOS} --- {W}ikipedia{,} The Free Encyclopedia",
  year = "2017",
  howpublished = {\url{http://en.wikipedia.org/w/index.php?title=IOS&oldid=812046680}},
  note         = {[Last access: 25 de Novembro de 2017]},
}

# ===
@Misc{Java,
  author       = {Java},
  title        = {What is Java technology and why do I need it?},
  howpublished = {\url{https://www.java.com/en/download/faq/whatis_java.xml}},
  note         = {Last access: 25/nov/2017},
}

@Misc{NielsenMagicNumber:00,
  author       = {Nielsen, Jakob},
  title        = {Why You Only Need to Test with 5 Users},
  year         = {2000},
  note         = {[Last access: 25 de Novembro de 2017]},
  howpublished = {\url{https://www.nngroup.com/articles/why-you-only-need-to-test-with-5-users}},
}

@Misc{campos2001estatistica,
  author       = {Campos, Geraldo Maia},
  title        = {Estatística prática para docentes e pós-graduandos},
  howpublished = {\url{http://blackstar.forp.usp.br/restauradora/gmc/gmc\_livro/gmc\_livro\_cap04.html}},
  year         = {2001},
  note         = {[Last access: 25 de Novembro de 2017]},
  journal      = {São Paulo: Faculdade de Odontologia de Ribeir?o Preto},
}

% ===
@Misc{apendice,
  author       = {Carvalho, Suelen Goularte},
  title        = {Apêndice Online},
  howpublished = {\url{http://suelengc.github.io/master-degree-dissertation}},
  year         = {2017},
  note         = {[Last access: 04 de Janeiro de 2018]},
}

@Article{Silva_Does_2015,
  author = {Silva, Leonardo and Ramos, Miguel and Valente, Marco and Bergel, Alexandre and Anquetil, Nicolas},
  title  = {Does JavaScript software embrace classes?},
  year   = {2015},
  pages  = {73-82},
  doi    = {10.1109/SANER.2015.7081817},
}

@Article{Moha_Gueheneuc_Meur_Duchien_2008,
  author = {Moha, Naouel and Gu?h?neuc, Yann-Ga\"{e}l and Meur, Anne-Fran\c{c}oise and Duchien, Laurence},
  title  = {Fundamental Approaches to Software Engineering},
  year   = {2008},
}

@PhdThesis{RefactoringAndImprovements:10,
  author = {Nikolaos Tsantalis},
  title  = {Evaluation and Improvement of Software Architecture: Identification of Design Problems in Object-Oriented Systems and Resolution through Refactorings},
  school = {University of Macedonia},
  year   = {2010},
  month  = Aug,
}

% ------------------------------------------------------------------------
% Apoiar pequenos significados 
% TODO: Remover tudo que for wikipedia
% ------------------------------------------------------------------------

% ===
@Misc{WikiGooglePlay,
   author = "Wikipedia",
   title = "{Google Play} --- {W}ikipedia{,} The Free Encyclopedia",
   year = "2017",
   howpublished = {\url{http://en.wikipedia.org/w/index.php?title=Google\%20Play&oldid=812012265}},
   note = "[Last access: 25 de November de 2017]"
}

% ===
@Misc{WikipediaInhiritance,
   author = "Wikipedia",
   title = "{Inheritance (object-oriented programming)} --- {W}ikipedia{,} The Free Encyclopedia",
   year = "2017",
   howpublished = {\url{http://en.wikipedia.org/w/index.php?title=Inheritance\%20(object-oriented\%20programming)&oldid=811451191}},
   note = "[Last access: 25 de November de 2017]"
}

% ===
@Misc{WikipediaMVP,
   author = "Wikipedia",
   title = "{Model-view-presenter} --- {W}ikipedia{,} The Free Encyclopedia",
   year = "2017",
   howpublished = {\url{http://pt.wikipedia.org/w/index.php?title=Model-view-presenter&oldid=47412742}},
   note = "[Last access: 25 de November de 2017]"
}

% ===
@Misc{WikipediaMVVM,
   author = "Wikipedia",
   title = "{Model¿view¿viewmodel} --- {W}ikipedia{,} The Free Encyclopedia",
   year = "2017",
   howpublished = {\url{http://en.wikipedia.org/w/index.php?title=Model\%E2\%80\%93view\%E2\%80\%93viewmodel&oldid=811297161}},
   note = "[Last access: 25 de November de 2017]"
}

@Misc{CleanArchitecture,
  author       = {Martin, Robert},
  title        = {8thlight Blog - The Clean Architecture},
  howpublished = {\url{https://8thlight.com/blog/uncle-bob/2012/08/13/the-clean-architecture.html}},
  year         = {2017},
  note         = {[Last access: 25 de Novembro de 2017]},
}

@Misc{AurelioPratica,
  title        = {Aurélio - Prática},
  howpublished = {\url{https://dicionariodoaurelio.com/pratica}},
  year         = {2017},
  note         = {[Last access: 25 de Novembro de 2017]},
}

@Article{KoenigPatterns:98,
  author  = {Koenig, Andrew},
  title   = {Patterns and antipatterns},
  journal = {The patterns handbook: techniques, strategies, and applications},
  year    = {1998},
  volume  = {13},
  pages   = {383},
}

% ===
@Book{AnalysysPattern:97,
  title     = {Analysis Patterns: Reusable Object Models},
  publisher = {Addison-Wesley Professional},
  year      = {1997},
  author    = {Fowler, Martin},
}

# ===
@mastersthesis{PadroesAgeisSuelen:11,
  type   = {Monografia},
  title  = {Padr{\~o}es para Implantar M{\'e}todos {\'A}geis},
  author = {Carvalho, Suelen Goularte and Guerra, Eduardo Martins},
  school = {Instituto Tecnol{\'o}gico de Aeron{\'a}utica - ITA},
  year   = {2011},
}

# ===
@Eletronic{PetternByOxford,
  author       = {Oxford Living Dictionaries},
  title        = {Definition: Pattern},
  howpublished={\url{https://en.oxforddictionaries.com/definition/pattern}},
  year         = {2017},
  note         = {[Last access: 25 de Novembro de 2017]},
}

% === 
@Misc{PatternsFormats,
  author       = {Kerievsky Joshua},
  title        = {A Timeless Way Of Communicating},
  howpublished = {\url{https://www.slideshare.net/JoshuaKerievsky/a-timeless-way-of-communicating-alexandrian-pattern-languages}},
  year         = {2010},
  note         = {[Last access: 25 de Novembro de 2017]},
}

% === (?)
@Book{Strauss2007,
  title     = {Basics of Qualitative Research: Techniques and Procedures for Developing Grounded Theory},
  publisher = {SAGE Publications Ltd},
  year      = {2007},
  author    = {Corbin, Juliet and Strauss, Anselm},
  edition   = {3},
  isbn      = {141290644X, 978-1412906449},
  numpages  = {400},
}

% ===
@Book{Saldana2013,
  title     = {The Coding Manual for Qualitative Researchers},
  author    = {Salda{\~n}a, Johnny},
  year      = {2015},
  publisher = {SAGE Publications Ltd},
  edition   = {2},
  isbn      = {1446247376, 978-1446247372},
  numpages  = {328},
}

% ===
@Book{GlaserStrauss1999,
  title={Discovery of grounded theory: Strategies for qualitative research},
  author= {Glaser, Barney G. and Strauss, Anselm L.},
  year={2017},
  publisher={Routledge}
}

% ===
@Article{Adolph2011,
  title={Using grounded theory to study the experience of software development},
  author={Adolph, Steve and Hall, Wendy and Kruchten, Philippe},
  journal={Empirical Software Engineering},
  volume={16},
  number={4},
  pages={487--513},
  year={2011},
  publisher={Springer}
}

@Misc{ElaboracaoPesquisa,
  author       = {Manzato, Antonio J. and Santos, Adriana B.},
  title        = {A ELABORAÇÃO DE QUESTIONÁRIOS NA PESQUISA QUANTITATIVA},
  howpublished = {\url{http://www.inf.ufsc.br/~vera.carmo/Ensino_2012_1/ELABORACAO_QUESTIONARIOS_PESQUISA_QUANTITATIVA.pdf}},
  note         = {[Last access: 25 de Novembro de 2017]},
}

@Article{A,
  author    = {B. Chess and G. McGraw},
  title     = {Static analysis for security},
  year      = {2004},
  publisher = {IEEE},
}

@Article{B,
  author    = {V. B. Livshits and M. S. Lam},
  title     = {Finding security vulnerabilities in Java applications with static analysis},
  year      = {2005},
  publisher = {In Proc. of the 14th Conference on USENIX Security Symposium},
}

@Article{C,
  author    = {D. Wagner and J. Foster and E. Brewer and A. Aiken},
  title     = {A first step towards automated detection of buffer overrun vulnerabilities},
  year      = {2000},
  publisher = {In Network and Distributed System Security Symposium},
}

@Article{D,
  author    = {Yuan Zhang and Min Yang and Zhemin Yang and Guofei GU and Peng Ning, Binyu Zang},
  title     = {Exploring Permission Induced Risk in Android-Applications for Malicious Detection},
  year      = {2004},
  publisher = {IEEE transactions on information forensics and security},
}

@Article{E,
  author    = {Yuan Zhang and Min Yang and Zhemin Yang and Binyu Zang},
  title     = {Permission Use Analysis for Vetting Undesirable Behaviors in Android Apps},
  year      = {2014},
  publisher = {In IEEE transactions on information forensics and security},
}

@Article{F,
  author    = {Enck and William and Machigar Ongtang, Patrick Drew McDaniel},
  title     = {Understanding Android Security},
  year      = {2009},
  publisher = {IEEE security \& privacy},
}

@Article{G,
  author = {Enck and William and Machigar Ongtang, Patrick McDaniel},
  title  = {Mitigating Android software misuse before it happens},
  year   = {2008},
}

@Article{J,
  author    = {Hu, Cuixiong and Neamtiu, Iulian},
  title     = {Automating GUI testing for Android applications},
  year      = {2011},
  publisher = {Proceedings of the 6th International Workshop on Automation of Software Test},
}

@Article{H,
  author    = {Wu and Lei},
  title     = {The impact of vendor customizations on android security.},
  year      = {2013},
  publisher = {Proceedings of the 2013 ACM SIGSAC conference on Computer \& communications security},
}

@Article{K,
  author    = {Blasing and Thomas},
  title     = {An android application sandbox system for suspicious software detection},
  year      = {2010},
  publisher = {Malicious and unwanted software (MALWARE), 2010 5th international conference on. IEEE},
}
[K] Blasing and Thomas. "An android application sandbox system for suspicious software detection." Malicious and unwanted software (MALWARE), 2010 5th international conference on. IEEE, 2010.

@Article{M,
  author = {Amalfitano, Domenico and Fasolino, Anna and Tramontana, Porfirio and Carmine, Salvatore and Memon, Atif},
  title  = {Using {GUI} ripping for automated testing of Android applications},
  year   = {2012},
}

[M] Amalfitano Domenico "Using GUI ripping for automated testing of Android applications." Proceedings of the 27th IEEE/ACM International Conference on Automated Software Engineering. ACM, 2012.

@Article{N,
  author    = {Wasserman, Anthony I},
  title     = {Software engineering issues for mobile application development},
  year      = {2010},
  publisher = {Proceedings of the FSE/SDP workshop on Future of software engineering research},
}
[N] Wasserman, Anthony I. "Software engineering issues for mobile application development." Proceedings of the FSE/SDP workshop on Future of software engineering research. ACM, 2010.

@Article{O,
  author    = {Horváth and Ferenc},
  title     = {Code Coverage Measurement Framework for Android Devices},
  year      = {2014},
  publisher = {Acta Cybern},
}
[O] Horváth and Ferenc, et al. "Code Coverage Measurement Framework for Android Devices." Acta Cybern. 21.3 (2014): 439-458.

@Article{Z,
  author    = {Shabtai, Asaf and Fledel, Yuval and Elovici, Yuval},
  title     = {Automated Static Code Analysis for Classifying Android Applications Using Machine Learning},
  journal   = {ieee},
  year      = {2010},
  doi       = {10.1109/CIS.2010.77},
  publisher = {IEEE},
}
[Z] Shabtai, Asaf, Yuval Fledel, and Yuval Elovici. "Automated static code analysis for classifying android applications using machine learning." Computational Intelligence and Security (CIS), 2010 International Conference on. IEEE, 2010.

@Article{Y,
  author    = {Chin, Erika and Felt, Adrienne and Greenwood, Kate and Wagner, David},
  title     = {Analyzing inter-application communication in Android},
  year      = {2011},
  publisher = {Proceedings of the 9th international conference on Mobile systems, applications, and services. ACM},
}
[Y] Chin, Erika, et al. "Analyzing inter-application communication in Android." Proceedings of the 9th international conference on Mobile systems, applications, and services. ACM, 2011.

@Article{X,
  author    = {Kavitha, K and Salini, P and Ilamathy, V},
  title     = {Exploring the Malicious Android Applications and Reducing Risk using Static Analysis},
  year      = {2016},
  publisher = {International Conference on Electrical, Electronics, and Optimization Techniques (ICEEOT)},
}
[X] Kavitha K. , Salini P. , Ilamathy V. "Exploring the Malicious Android Applications and Reducing Risk using Static Analysis" International Conference on Electrical, Electronics, and Optimization Techniques (ICEEOT), 2016

@Article{L,
  author    = {Takala and Tommi and Mika Katara, Julian Harty},
  title     = {Experiences of system-level model-based GUI testing of an Android application},
  year      = {2011},
  publisher = {Fourth IEEE International Conference on Software Testing, Verification and Validation. IEEE},
}

@Article{FF,
  author    = {Abilio, Ramon and Padilha, Juliana and Figueiredo, Eduardo and Costa, Heitor},
  title     = {Detecting Code Smells in Software Product Lines -- An Exploratory Study},
  year      = {2015},
  doi       = {10.1109/ITNG.2015.76},
  publisher = {ieee},
}

@Article{GG,
  author    = {McGregor, John D.},
  title     = {Software Product Lines},
  year      = {2004},
  publisher = {Journal of Object Technology},
}

% ===
@Article{HH,
  author = "Wikipedia",
  title = "{Linha de produtos de software} --- {W}ikipedia{,} The Free Encyclopedia",
  year = "2017",
  howpublished = {\url{http://pt.wikipedia.org/w/index.php?title=Linha\%20de\%20produtos\%20de\%20software&oldid=43668981}},
  note         = {[Last access: 25 de Novembro de 2017]},
}

@Article{II,
  author    = {Pohl K.},
  title     = {Software Product Line Engineering: Foundations, Principles and Techniques},
  year      = {2005},
  publisher = {Springer},
}

@Article{JJ,
  author    = {Prehofer C.},
  title     = {Feature-Oriented Programming: A Fresh Look at Objects},
  year      = {1997},
  publisher = {ECOOP},
}

@Article{LL,
  author    = {Apel S., Kastner C.},
  title     = {An Overview of Feature-Oriented Software Development},
  year      = {2009},
  publisher = {In JOT},
}

@Article{CC,
  author    = {S. Porto},
  title     = {A plain english guide to JavaScript prototypes},
  year      = {2013},
  publisher = {Conference on Software Engineering, páginas 1001-1012. ACM},
}

@Article{DD,
  author    = {D. Crockford},
  title     = {JavaScript: the good parts},
  year      = {2008},
  publisher = {O?Reilly Media, Incorporated},
}

@Article{EE,
  author    = {W3C},
  title     = {Document Object Model (DOM) level 2 events specication},
  year      = {2000},
  publisher = {Conference on Software Engineering, páginas 1001-1012. ACM},
}

@Article{P,
  author    = {Wenjia Wu and Jianan Wu and Yanhao Wang and Zhen Ling, Ming Yang},
  title     = {Eficient Fingerprinting-based Android Device Identication with Zero-permission Identiers},
  year      = {2016},
  publisher = {IEEE Access},
}

@Article{R,
  author    = {S. Yu},
  title     = {Big privacy: Challenges and opportunities of privacy study in the age of big data},
  year      = {2016},
  publisher = {IEEE Access},
}

@Article{S,
  author    = {Nilan Yildirim and Asaf Varol},
  title     = {Android Based Mobile Application Development for Web Login Authentication Using Fingerint Recognition Feature},
  publisher = {IEEE},
}

@Article{T,
  author    = {Zheran Fang and Weili Han, Yingjiu Li},
  title     = {Permission Based Android Security: Issues and Countermeasures},
  year      = {2014},
  publisher = {ScienceDirect},
}

% === 
@Book{CreswellResearch:13,
  title={Research design: Qualitative, quantitative, and mixed methods approaches},
  year={2009},
  publisher={SAGE Publications, Incorporated},
  author= {Creswell, John W},
}

@Misc{ProcessoPesquisa:04,
  author       = {M\'arcia R. T. L. Malheiros},
  title        = {O Processo de Pesquisa na Gradua\c c\~ao},
  howpublished = {\url{http://www.profwillian.com/_diversos/download/prof/marciarita/pesquisa_na_graduacao.pdf}},
  year         = {2004},
  note         = {[Last access: 25 de Novembro de 2017]},
  pages        = {27},
}

@Misc{TipoPesquisa:01,
  author       = {Marco A. Togatlian},
  title        = {Tipos de Pesquisa},
  howpublished = {\url{http://www.togatlian.pro.br/docs/pos/unesa/tipos.pdf}},
  year         = {2001},
  note         = {[Last access: 25 de Novembro de 2017]},
}

@Article{King1994,
  author    = {King, Nigel},
  title     = {In Qualitative methods in organizational research - A practical guide},
  year      = {1994},
  numpages  = {253},
  publisher = {SAGE Publications Ltd},
}

@Book{eco:09,
  title     = {Como se Faz uma Tese},
  publisher = {Perspectiva},
  year      = {2009},
  author    = {Umberto Eco},
  edition   = {22?},
  note      = {Tradu??o Gilson Cesar Cardoso de Souza},
}

@Book{zobel:04,
  title     = {Writing for Computer Science: The art of effective communication},
  publisher = {Springer},
  year      = {2004},
  author    = {Justin Zobel},
  edition   = {Segunda},
}

@Book{waz:09,
  title     = {Metodologia de Pesquisa em Ciencia da Computação},
  publisher = {Campus},
  year      = {2009},
  author    = {Raul S. Wazlawick},
  edition   = {Primeira},
}

@Book{Higham:98,
  title     = {Handbook of Writing for the Mathematical Sciences},
  publisher = {SIAM: Society for Industrial and Applied Mathematics},
  year      = {1998},
  author    = {Nicholas J. Higham},
  edition   = {segunda},
  month     = Aug,
}

@Book{Knuth:96,
  title     = {Mathematical Writing},
  publisher = {The Mathematical Association of America},
  year      = {1996},
  author    = {Donald E. Knuth and Tracy Larrabee and Paul M. Roberts},
  month     = Sep,
}

@Article{alon09:how,
  author    = {Uri Alon},
  title     = {How To Choose a Good Scientific Problem},
  journal   = {Molecular Cell},
  year      = {2009},
  volume    = {35},
  number    = {6},
  pages     = {726--728},
  month     = sep,
  doi       = {10.1016/j.molcel.2009.09.013},
  publisher = {Cell Press},
}

@PhdThesis{Prates2015,
  author   = {Prates, Luciana Carla Lins},
  title    = {Aplicando Síntese Temática em Engenharia de Software},
  school   = {Universidade Federal da Bahia e Universidade Estadual de Feira de Santana},
  year     = {2015},
  numpages = {205},
}

@Misc{CodeSmell:06,
  author       = {Martin Fowler},
  title        = {Code Smell},
  howpublished = {\url{http://martinfowler.com/bliki/CodeSmell.html}},
  month        = Feb,
  year         = {2006},
}

% ===
@Misc{WikiCodeSmell,
  author = "Wikipedia",
  title = "{Code smell} --- {W}ikipedia{,} The Free Encyclopedia",
  year = "2017",
  howpublished = {\url{http://en.wikipedia.org/w/index.php?title=Code\%20smell&oldid=810572249}},
  note         = {[Last access: 25 de Novembro de 2017]},
}

% ===
@Misc{WardsWikiCodeSmell,
  author       = {Ward's Wiki},
  title        = {Code Smell},
  howpublished = {\url{http://wiki.c2.com/?CodeSmell}},
  year         = {1995},
  note         = {[Last access: 05/10/2017]},
}

@InProceedings{SpreadsheetsSmells:12,
  author    = {Pinzger, Martin and Hermans, Felienne and van Deursen, Arie},
  title     = {Detecting Code Smells in Spreadsheet Formulas},
  booktitle = {Proceedings of the 2012 IEEE International Conference on Software Maintenance (ICSM)},
  year      = {2012},
  series    = {ICSM '12},
  pages     = {409--418},
  address   = {Washington, DC, USA},
  publisher = {IEEE Computer Society},
  acmid     = {2473594},
  doi       = {10.1109/ICSM.2012.6405300},
  isbn      = {978-1-4673-2313-0},
  keywords  = {Measurement,Complexity theory,Conferences,Software maintenance,Visualization,Industries,refactoring,spreadsheets,code smells},
  numpages  = {10},
  url       = {http://dx.doi.org/10.1109/ICSM.2012.6405300},
}

% ===
@Article{JavascriptSmells,
  title={{JSNOSE}: Detecting JavaScript code smells},
  author={Fard, Amin Milani and Mesbah, Ali},
  booktitle={Source Code Analysis and Manipulation (SCAM), 2013 IEEE 13th International Working Conference on},
  pages={116--125},
  year={2013},
  organization={IEEE},
  publisher={in Proceedings of the International Conference on Source Code Analysis and Manipulation (SCAM)},
}

% citado como [28] em JavascriptSmells
% SMELLS vem de conhecimento empírico

% ===
@InProceedings{JavaQADetectingSmells:02,
  title={Java quality assurance by detecting code smells},
  author={Van Emden, Eva and Moonen, Leon},
  booktitle = {In Proceedings of the Working Conference on Reverse Engineering (WCRE)},
  year      = {2002},
  pages     = {97-106},
  publisher = {IEEE Computer Society},
}

% artigo

% ===
@Article{MvcSmells:16,
  title={A Validated Set of Smells in Model-View-Controller Architectures},
  author={Aniche, Maur{\'\i}cio and Bavota, Gabriele and Treude, Christoph and Van Deursen, Arie and Gerosa, Marco Aur{\'e}lio},
  booktitle={Software Maintenance and Evolution (ICSME), 2016 IEEE International Conference on},
  pages={233--243},
  year={2016},
  organization={IEEE}
}

% artigo

@Article{StartsBadSmells:15,
  author    = {Tufano, M. and Palomba, F. and Bavota, G. and Oliveto, R. and Di Penta, M. and De Lucia, A. and Poshyvanyk, D.},
  title     = {When and Why Your Code Starts to Smell Bad},
  year      = {2015},
  pages     = {403-414},
  booktitle = {IEEE International Conference on Software Engineering (ICSE)},
  doi       = {10.1109},
  publisher = {IEEE/ACM 37th},
}

% ===
@PhdThesis{CSSCodeSmell,
  title={Code smells in Cascading Style Sheets: an empirical study and a predictive model},
  author={Gharachorlu, Golnaz},
  year={2014},
  school={University of British Columbia}
}

# ===
@Article{ORMSmells,
  title={Detecting performance anti-patterns for applications developed using object-relational mapping},
  author={Chen, Tse-Hsun and Shang, Weiyi and Jiang, Zhen Ming and Hassan, Ahmed E and Nasser, Mohamed and Flora, Parminder},
  booktitle={Proceedings of the 36th International Conference on Software Engineering},
  pages={1001--1012},
  year={2014},
  organization={ACM}
}

@InProceedings{Khomh:2009:ESI:1685994.1686210,
  author    = {Khomh, Foutse and Di Penta, Massimiliano and Gu\'{e}h\'{e}neuc, Yann-Ga\"{e}l},
  title     = {An Exploratory Study of the Impact of Code Smells on Software Change-proneness},
  booktitle = {Proceedings of the 2009 16th Working Conference on Reverse Engineering},
  year      = {2009},
  series    = {WCRE '09},
  address   = {Washington, DC, USA},
  publisher = {IEEE Computer Society},
  doi       = {10.1109/WCRE.2009.28},
  keywords  = {Code Smells, Mining Software Repositories, Empirical Software Engineering},
  numpages  = {10},
  url       = {http://dx.doi.org/10.1109/WCRE.2009.28},
}

% ===
@InProceedings{Yamashita6405287,
  title={Do code smells reflect important maintainability aspects?},
  author={Yamashita, Aiko and Moonen, Leon},
  organization={IEEE},
  booktitle = {2012 28th IEEE International Conference on Software Maintenance (ICSM)},
  year      = {2012},
  pages     = {306-315},
  month     = {Sept},
  doi       = {10.1109/ICSM.2012.6405287},
  issn      = {1063-6773},
  keywords  = {Java;expert systems;software maintenance;Java systems;code maintainability;code smells;design flaws;expert-based maintainability assessments;Encoding;Interviews;Java;Maintenance engineering;Measurement;Software maintenance;code smells;maintainability evaluation},
}

@Article{padilha2013detecccao,
  author    = {Padilha, Juliana},
  title     = {Detecção de anomalias de código usando métricas de software},
  year      = {2013},
  publisher = {UFMG},
}

% ===
@InProceedings{Yamashita:2013:EII:2486788.2486878,
  author    = {Yamashita, Aiko and Moonen, Leon},
  title     = {Exploring the Impact of Inter-smell Relations on Software Maintainability: An Empirical Study},
  booktitle = {Proceedings of the 2013 International Conference on Software Engineering (ICSE)},
  year      = {2013},
  series    = {ICSE '13},
  pages     = {682--691},
  address   = {Piscataway, NJ, USA},
  publisher = {IEEE Press},
  acmid     = {2486878},
  isbn      = {978-1-4673-3076-3},
  location  = {San Francisco, CA, USA},
  numpages  = {10},
  url       = {http://dl.acm.org/citation.cfm?id=2486788.2486878},
}

% ===
@Article{Sjoberg_Quantifying_2013,
  title={Quantifying the effect of code smells on maintenance effort},
  author={Sj{\o}berg, Dag IK and Yamashita, Aiko and Anda, Bente CD and Mockus, Audris and Dyb{\aa}, Tore},
  journal={IEEE Transactions on Software Engineering},
  volume={39},
  number={8},
  pages={1144--1156},
  year={2013},
  publisher={IEEE},
  issn    = {0098-5589},
  doi     = {10.1109/TSE.2012.89},
  file    = {/Users/SuelenGC/Google Drive/Mestrado/Dissertacao/Papers/2013/2013 - Ieee T Software Eng - Quantifying the Effect of Code Smells on Maintenance Effort.pdf},
}

% ===
@InProceedings{yamashita2013developers,
  author       = {Yamashita, Aiko and Moonen, Leon},
  title        = {Do developers care about code smells? an exploratory survey},
  booktitle    = {Reverse Engineering (WCRE), 2013 20th Working Conference on},
  year         = {2013},
  pages        = {242--251},
  organization = {IEEE},
}

% ===
@InProceedings{arcoverde2011understanding,
  title={Understanding the longevity of code smells: preliminary results of an explanatory survey},
  author={Arcoverde, Roberta and Garcia, Alessandro and Figueiredo, Eduardo},
  booktitle={Proceedings of the 4th Workshop on Refactoring Tools},
  pages={33--36},
  year={2011},
  organization={ACM}
}

@Article{Palomba_Do_2014,
  author = {Palomba, Fabio and Bavota, Gabriele and Penta, Massimiliano and Oliveto, Rocco and Lucia, Andrea},
  title  = {Do They Really Smell Bad? A Study on Developers' Perception of Bad Code Smells},
  year   = {2014},
  pages  = {101-110},
  doi    = {10.1109/ICSME.2014.32},
  file   = {/Users/SuelenGC/Google Drive/Mestrado/Dissertacao/Papers/2014/2014 - Do They Really Smell Bad A Study on Developers Perception of Bad Code Smells.pdf},
}

@Misc{UITecMundo2016,
  author        = {TecMundo},
  title         = {A história da Interface Gr\'afica},
  howpublished  = {\url{http://www.tecmundo.com.br/historia/9528-a-historia-da-interface-grafica.htm}},
  note         = {[Last access: 25 de Novembro de 2017]},
  __markedentry = {[:6]},
}

# ===
@Misc{UIWikipedia2016,
  author = "Wikipedia",
  title = "{Interface do utilizador} --- {W}ikipedia{,} The Free Encyclopedia",
  year = "2017",
  howpublished = {\url{http://pt.wikipedia.org/w/index.php?title=Interface\%20do\%20utilizador&oldid=50090894}},
  note         = {[Last access: 25 de Novembro de 2017]},
}

@Book{GUIRaymond2004,
  title         = {The Art of Unix Usability},
  year          = {2004},
  author        = {Raymond, Eric Steven},
  note         = {[Last access: 25 de Novembro de 2017]},
  __markedentry = {[:6]},
  howpublished  = {\url{http://www.catb.org/~esr/writings/taouu/html}},
}

@Misc{MartinFowlerGUIArchitectures,
  title         = {{GUI} Architectures)},
  howpublished  = {\url{https://www.martinfowler.com/eaaDev/uiArchs.html}},
  year          = {2017},
  note          = {[Last access: 25 de Novembro de 2017]},
  __markedentry = {[:6]},
}

@Comment{jabref-meta: databaseType:bibtex;}
