% --------------------- NAO LI, DEVO LER ----------------------------------------
@article{Krasner:1988:CUM:50757.50759,
 author = {Krasner, Glenn E. and Pope, Stephen T.},
 title = {A Cookbook for Using the Model-view Controller User Interface Paradigm in Smalltalk-80},
 journal = {J. Object Oriented Program.},
 issue_date = {Aug./Sept. 1988},
 volume = {1},
 number = {3},
 month = aug,
 year = {1988},
 issn = {0896-8438},
 pages = {26--49},
 numpages = {24},
 url = {http://dl.acm.org/citation.cfm?id=50757.50759},
 acmid = {50759},
 publisher = {SIGS Publications},
 address = {Denville, NJ, USA},
} 

@book{Martin:2008:CCH:1388398,
 author = {Martin, Robert C.},
 title = {Clean Code: A Handbook of Agile Software Craftsmanship},
 year = {2008},
 isbn = {0132350882, 9780132350884},
 edition = {1},
 publisher = {Prentice Hall PTR},
 address = {Upper Saddle River, NJ, USA},
} 

@book{Alur:2003:CJP:863711,
 author = {Alur, Deepak and Malks, Dan and Crupi, John and Booch, Grady and Fowler, Martin},
 title = {Core J2EE Patterns (Core Design Series): Best Practices and Design Strategies},
 year = {2003},
 isbn = {0131422464},
 edition = {2},
 publisher = {Sun Microsystems, Inc.},
 address = {Mountain View, CA, USA},
} 

@article{Palomba_Do_2014,
  pages={101-110},
  title={Do They Really Smell Bad? A Study on Developers' Perception of Bad Code Smells},
  doi={10.1109/ICSME.2014.32},
  author={Palomba, Fabio and Bavota, Gabriele and Penta, Massimiliano and Oliveto, Rocco and Lucia, Andrea},
  year={2014},
  file={/Users/SuelenGC/Google Drive/Mestrado/Dissertacao/Papers/2014/2014 - Do They Really Smell Bad A Study on Developers Perception of Bad Code Smells.pdf}
}

@article{Khomh:2012:ESI:2158916.2158921,
 author = {Khomh, Foutse and Penta, Massimiliano Di and Gu{\'e}h{\'e}neuc, Yann-Ga\"{e}l and Antoniol, Giuliano},
 title = {An Exploratory Study of the Impact of Antipatterns on Class Change- and Fault-proneness},
 journal = {Empirical Softw. Engg.},
 volume = {17},
 number = {3},
 month = jun,
 year = {2012},
 issn = {1382-3256},
 pages = {243--275},
 numpages = {33},
 url = {http://dx.doi.org/10.1007/s10664-011-9171-y},
 doi = {10.1007/s10664-011-9171-y},
 acmid = {2158921},
 publisher = {Kluwer Academic Publishers},
 address = {Hingham, MA, USA},
 keywords = {Antipatterns, Empirical software engineering, Mining software repositories},
} 

Export Formats
BibTeX | EndNote | ACM Ref
@inproceedings{Khomh:2009:ESI:1685994.1686210,
 author = {Khomh, Foutse and Di Penta, Massimiliano and Gueheneuc, Yann-Gael},
 title = {An Exploratory Study of the Impact of Code Smells on Software Change-proneness},
 booktitle = {Proceedings of the 2009 16th Working Conference on Reverse Engineering},
 series = {WCRE '09},
 year = {2009},
 isbn = {978-0-7695-3867-9},
 pages = {75--84},
 numpages = {10},
 url = {http://dx.doi.org/10.1109/WCRE.2009.28},
 doi = {10.1109/WCRE.2009.28},
 acmid = {1686210},
 publisher = {IEEE Computer Society},
 address = {Washington, DC, USA},
 keywords = {Code Smells, Mining Software Repositories, Empirical Software Engineering},
} 


@INPROCEEDINGS{Yamashita6405287, 
  author={A. Yamashita and L. Moonen}, 
  booktitle={2012 28th IEEE International Conference on Software Maintenance (ICSM)}, 
  title={Do code smells reflect important maintainability aspects?}, 
  year={2012}, 
  pages={306-315}, 
  keywords={Java;expert systems;software maintenance;Java systems;code maintainability;code smells;design flaws;expert-based maintainability assessments;Encoding;Interviews;Java;Maintenance engineering;Measurement;Software maintenance;code smells;maintainability evaluation}, 
  doi={10.1109/ICSM.2012.6405287}, 
  ISSN={1063-6773}, 
  month={Sept},
}

@inproceedings{Yamashita:2013:EII:2486788.2486878,
 author = {Yamashita, Aiko and Moonen, Leon},
 title = {Exploring the Impact of Inter-smell Relations on Software Maintainability: An Empirical Study},
 booktitle = {Proceedings of the 2013 International Conference on Software Engineering},
 series = {ICSE '13},
 year = {2013},
 isbn = {978-1-4673-3076-3},
 location = {San Francisco, CA, USA},
 pages = {682--691},
 numpages = {10},
 url = {http://dl.acm.org/citation.cfm?id=2486788.2486878},
 acmid = {2486878},
 publisher = {IEEE Press},
 address = {Piscataway, NJ, USA},
} 
@article{Sjoberg_Quantifying_2013,
  pages={1144-1156},
  title={Quantifying the Effect of Code Smells on Maintenance Effort},
  journal={Ieee T Software Eng},
  doi={10.1109/TSE.2012.89},
  author={Sjoberg, Dag and Yamashita, Aiko and Anda, Bente and Mockus, Audris and Dyba, Tore},
  issn={0098-5589},
  number={8},
  year={2013},
  volume={39},
  file={/Users/SuelenGC/Google Drive/Mestrado/Dissertacao/Papers/2013/2013 - Ieee T Software Eng - Quantifying the Effect of Code Smells on Maintenance Effort.pdf}
}


@inproceedings{ErikaComDroid,
 author = {Chin, Erika and Felt, Adrienne Porter and Greenwood, Kate and Wagner, David},
 title = {Analyzing Inter-application Communication in Android},
 booktitle = {Proceedings of the 9th International Conference on Mobile Systems, Applications, and Services},
 series = {MobiSys '11},
 year = {2011},
 isbn = {978-1-4503-0643-0},
 location = {Bethesda, Maryland, USA},
 pages = {239--252},
 numpages = {14},
 url = {http://doi.acm.org/10.1145/1999995.2000018},
 doi = {10.1145/1999995.2000018},
 acmid = {2000018},
 publisher = {ACM},
 address = {New York, NY, USA},
 keywords = {Android, intents, message passing, mobile phone security},
} 

% Optional fields: author, title, howpublished, month, year, note
@MISC{ComDroidErika,
  title = {ComDroid Tool},
  url = {https://github.com/whitehatpanda/comdroid},
  note = {Last accessed at 25/11/2016}
}

@MISC{WikiGooglePlay,
  title = {Wikipédia Google Play Store},
  url = {https://en.wikipedia.org/wiki/Google_Play},
  note = {Last accessed at 27/11/2016}
}

@inproceedings{AdriennePermission,
 author = {Felt, Adrienne Porter and Ha, Elizabeth and Egelman, Serge and Haney, Ariel and Chin, Erika and Wagner, David},
 title = {Android Permissions: User Attention, Comprehension, and Behavior},
 booktitle = {Proceedings of the Eighth Symposium on Usable Privacy and Security},
 series = {SOUPS '12},
 year = {2012},
 isbn = {978-1-4503-1532-6},
 location = {Washington, D.C.},
 pages = {3:1--3:14},
 articleno = {3},
 numpages = {14},
 url = {http://doi.acm.org/10.1145/2335356.2335360},
 doi = {10.1145/2335356.2335360},
 acmid = {2335360},
 publisher = {ACM},
 address = {New York, NY, USA},
 keywords = {Android, mobile phones, smartphones, usable security},
} 

@inproceedings{LanceComunicationStrategies,
 author = {Allison, Lance A. and Fuad, Mohammad Muztaba},
 title = {Inter-app Communication Between Android Apps Developed in App-inventor and Android Studio},
 booktitle = {Proceedings of the International Conference on Mobile Software Engineering and Systems},
 series = {MOBILESoft '16},
 year = {2016},
 isbn = {978-1-4503-4178-3},
 location = {Austin, Texas},
 pages = {17--18},
 numpages = {2},
 url = {http://doi.acm.org/10.1145/2897073.2897117},
 doi = {10.1145/2897073.2897117},
 acmid = {2897117},
 publisher = {ACM},
 address = {New York, NY, USA},
 keywords = {Android, Android studio, app inventor, mobile apps},
} 


% --------------------- FIM DO NAO LI E QUE DEVO LER ------------------------------------


@article{Khomh_Penta_Gueheneuc_Antoniol_2012, 
  title={An exploratory study of the impact of antipatterns on class change-and fault-proneness}, 
  volume={17}, 
  ISSN={1382-3256}, 
  DOI={10.1007/s10664-011-9171-y}, 
  number={3}, 
  journal={Empirical Software Engineering}, 
  publisher={springer}, 
  author={Khomh, Foutse and Penta, Massimiliano and Guéhéneuc, Yann-Gael and Antoniol, Giuliano}, 
  year={2012}, 
  pages={243–275}
}

@book{Riel,
  title={Object-Oriented Design Heuristics},
  author={Riel J, Arthur},
  year={1996},
  publisher={Addison-Wesley Professional}
}

@book{Webster,
  title={Pitfalls of Object-Oriented Development},
  author={Webster F, Bruce},
  year={1995},
  publisher={M \& T Books}
}

@article{Silva_Does_2015,
  pages={73-82},
  title={Does JavaScript software embrace classes?},
  doi={10.1109/SANER.2015.7081817},
  author={Silva, Leonardo and Ramos, Miguel and Valente, Marco and Bergel, Alexandre and Anquetil, Nicolas},
  year={2015}
}

@book{Suryanarayana2014Refactoring,
  title={Refactoring for Software Design Smells: Managing Technical Debt},
  author={Suryanarayana, G. and Samarthyam, G. and Sharma, T.},
  isbn={9780128016466},
  lccn={2014029955},
  url={https://books.google.com.br/books?id=1SaOAwAAQBAJ},
  year={2014},
  publisher={Elsevier Science}
}

@article{Moha_Gueheneuc_Meur_Duchien_2008, 
  title={Fundamental Approaches to Software Engineering}, 
  author={Moha, Naouel and Guéhéneuc, Yann-Gaël and Meur, Anne-Françoise and Duchien, Laurence}, 
  year={2008}
}

@book{WilleyAntiPatterns,
  author = {William J. Brown and Raphael C. Malveau and Hays W. "Skip" McCormick, Thomas J. Mowbray},
  publisher = {Wiley},
  title = {AntiPatterns: Refactoring Software, Architectures, and Projects in Crisis},
  year = {1998}
}

@misc{WikiCodeSmell, 
  title={Wikipedia Code Smell}, 
  year={2016},
  howpublished = {\url{https://en.wikipedia.org/wiki/Code_smell}},
  note = {Last accessed at 14/11/2016}
}

@misc{AndroidHistory, 
  title={Android Version History}, 
  howpublished = {\url{https://en.wikipedia.org/wiki/Android_version_history}},
  note = {Last accessed at 27/11/2016}
}

@ARTICLE{Zhang2013,
  author = {Feng Zhang and Audris Mockus and Ying Zou and Foutse Khomh and Ahmed E Hassan},
  title = {How does context affect the distribution of software maintainability metrics?},
  journal = {In IEEE International Conference on Software Maintenance, páginas 350–359. IEEE},
  year={2013},
  note = {Encontrado na dissertação do Aniche}
}

@misc{AndroidDeveloperSite2016, 
  title={Documentação Site Android Developer}, 
  author={Android Developer Site}, 
  howpublished = {\url{https://developer.android.com}},
  year={2016},
  note = {Last accessed at 27/10/2016}
}

@misc{AdaptersPreussler2016, 
  title={Writing Better Adapters}, 
  author={Preussler, Danny}, 
  year={2016},
  howpublished = {\url{https://medium.com/\@dpreussler/writing-better-adapters-1b09758407d2\#.tbvvw3krr}},
  note = {Last accessed at 27/10/2016}
}

@misc{UITecMundo2016, 
  title={A história da Interface Gráfica}, 
  author={TecMundo}, 
  howpublished = {\url{http://www.tecmundo.com.br/historia/9528-a-historia-da-interface-grafica.htm}},
  note = {Last accessed at 26/10/2016}
}

@misc{UIWikipedia2016, 
  title={Interface do Utilizador}, 
  author={Wikipedia}, 
  howpublished = {\url{https://pt.wikipedia.org/wiki/Interface_do_utilizador}},
  note = {Last accessed at 26/10/2016}
}

@book{GUIRaymond2004, 
  title={The Art of Unix Usability}, 
  author={Raymond, Eric Steven}, 
  year={2004},
  howpublished = {\url{http://www.catb.org/~esr/writings/taouu/html}},
  note = {Last accessed at 26/10/2016}
}

@ARTICLE{Mantyla2013,
  author = {Roberto Minelli and Michele Lanza},
  title = {Software analytics for mobile applications, insights \& lessons learned},
  journal = {In Proceedings of the 2013 17th European Conference on Software Maintenance and Reengineering},
  year = {2013}
}

@book{gof,
  author = {Gamma, E. and Helm, R. and Johnson, R. and Vlissides, J.},
  publisher = {Addison Wesley, Boston},
  series = {Professional Computing Series},
  title = {Design Patterns: Elements of Reusable Object-Oriented Software},
  year = {1995}
}

@MISC{AndroidActivities2016,
  title = {Activities},
  howpublished = {\url{https://developer.android.com/guide/components/activities.html}},
  note = {Last accessed at 29/08/2016}
}

@MISC{PMD2016,
  title = {PMD (2016)},
  year = {2016},
  howpublished = {\url{https://pmd.github.io/}},
  note = {Last accessed at 29/08/2016}
}

@MISC{Sonarqube2016,
  title = {Sonarqube (2016)},
  year = {2016},
  howpublished = {\url{http://www.sonarqube.org/}},
  note = {Last accessed at 29/08/2016}
}

@article{TsantalisChaikalis2008, 
  title={JDeodorant: Identification and removal of type-checking bad smells}, 
  url={http://ieeexplore.ieee.org/xpls/abs_all.jsp?arnumber=4493342}, 
  DOI={10.1109/CSMR.2008.4493342}, 
  author={Tsantalis, N and Chaikalis, T}, 
  year={2008}
}

@article{Hecht2015, 
  title={An Approach to Detect Android Antipatterns}, 
  DOI={10.1109/ICSE.2015.243}, 
  publisher={ieee}, 
  author={Hecht, Geoffrey}, 
  year={2015}, 
  pages={766–768}
}

@article{FinavaroAniche2016, 
  title={Architectural Roles in Code Metric Assessment and Code Smell Detection}, 
  note={Regras Arquiteturais na Avaliação de Métricas de Código e Detecção de Maus Cheiros Regras Arquiteturais na Avaliação de Métricas de Código e Detecção de Maus Cheiros}, 
  author={Aniche, Maurício and Gerosa, Marco and Paulo, São and-INPE, Bullet and Sant, Bullet and -ufba, Anna},
  year = {2016},
}

@article{ReimannBrylski2013, 
  title={A Tool-Supported Quality Smell Catalogue For Android Developers}, 
  author={Reimann, Jan and Brylski, Martin},
  year = {2013},
}

@article{Mannan_Dig_Ahmed_Jensen_Abdullah_Almurshed, 
  title={Understanding Code Smells in Android Applications}, 
  DOI={10.1145/2897073.2897094}, 
  author={Mannan, Umme and Dig, Danny and Ahmed, Iftekhar and Jensen, Carlos and Abdullah, Rana and Almurshed, M}
}

@article{DomainMatters, 
  title={Domain Matters: Bringing Further Evidence of the Relationships among Anti-patterns, Application Domains, and Quality-Related Metrics in Java Mobile Apps}, 
  author={Linares-Vásquez, Mario and Klock, Sam and Mcmillan, Collin and Sabané, Aminata and Poshyvanyk, Denys and Guéhéneuc, Yann-Gael}
}

@MISC{WikiAndroid,
  title = {Wikipedia Android},
  howpublished = {\url{https://pt.wikipedia.org/wiki/Android}},
  note = {Last accessed at 30/08/2016}
}

@MISC{AndroidStudio,
  title = {Android Studio},
  howpublished = {\url{https://developer.android.com/studio/index.html}},
  note = {Last accessed at 30/08/2016}
}

@MISC{WikiAndroidRuntime,
  title = {Wikipedia Android Runtime},  
  howpublished = {\url{https://en.wikipedia.org/wiki/Android_Runtime}},
  note = {Last accessed at 30/08/2016}
}

% Optional fields: author, title, howpublished, month, year, note
@MISC{AndroidRuntimeDalvikArtExplained,
  title = {Android: entenda as diferenças entre o ART e o Dalvik},
  howpublished = {\url{http://www.tecmundo.com.br/android/54387-android-entenda-diferencas-entre-art-o-dalvik.htm}},
  note = {Last accessed at 30/08/2016} 
}

% Ref boas práticas
@book{alur2003core,
  title={Core J2EE Patterns: Best Practices and Design Strategies},
  author={Alur, D. and Crupi, J. and Malks, D.},
  isbn={9780131422469},
  lccn={2004266715},
  series={Core Series},
  url={https://books.google.com.br/books?id=1dx34EMVyi8C},
  year={2003},
  publisher={Prentice Hall PTR}
}

% Ref boas práticas
@book{rozanski2012software,
  title={Software Systems Architecture: Working with Stakeholders Using Viewpoints and Perspectives},
  author={Rozanski, N. and Woods, E.},
  isbn={9780321718334},
  lccn={2011040253},
  url={https://books.google.com.br/books?id=ka4QO9kXQFUC},
  year={2012},
  publisher={Addison-Wesley}
}

% Ref boas práticas
@book{gamma1994design,
  title={Design Patterns: Elements of Reusable Object-Oriented Software (Adobe Reader)},
  author={Gamma, E. and Helm, R. and Johnson, R. and Vlissides, J.},
  isbn={9780321700698},
  url={https://books.google.com.br/books?id=6oHuKQe3TjQC},
  year={1994},
  publisher={Pearson Education}
}

@misc{AndroidFundamentals, 
  title={Andriod Fundamentals}, 
  author={Android Developer Site}, 
  howpublished = {\url{https://developer.android.com/guide/components/fundamentals.html}},
  note = {Last accessed at 04/09/2016},
}

@misc{AndroidPlatformArchitecture, 
  title={Plataform Architecture}, 
  author={Android Developer Site}, 
  howpublished = {\url{https://developer.android.com/guide/platform/index.html}},
  note = {Last accessed at 04/09/2016},
}

@misc{AndroidUIEvents, 
  title={UI Events}, 
  author={Android Developer Site}, 
  howpublished = {\url{https://developer.android.com/guide/topics/ui/ui-events.html}},
  note = {Last accessed at 25/11/2016},
}

@misc{AndroidResourcesOverview, 
  title={Resources Overview}, 
  author={Developer Android Site}, 
  year={2016},
  howpublished = {\url{https://developer.android.com/guide/topics/resources/overview.html}},
  note = {Last accessed at 08/09/2016},
}

@misc{ElaboracaoPesquisa, 
  title={A ELABORAÇÃO DE QUESTIONÁRIOS NA PESQUISA QUANTITATIVA}, 
  author={Manzato, Antonio J. e Santos, Adriana B.}, 
  howpublished = {\url{http://www.inf.ufsc.br/~vera.carmo/Ensino_2012_1/ELABORACAO_QUESTIONARIOS_PESQUISA_QUANTITATIVA.pdf}},
  note = {Last accessed at 12/09/2016},
}


@misc{AndroidResourceType, 
  title={Resource Type}, 
  author={Android Developer Site}, 
  year={2016},
  howpublished = {\url{https://developer.android.com/guide/topics/resources/available-resources.html}},
  note = {Last accessed at 12/09/2016},
}

@misc{AndroidUIOverview, 
  title={UI Overview}, 
  author={Android Developer Site}, 
  year={2016},
  howpublished = {\url{https://developer.android.com/guide/topics/ui/overview.html}},
  note = {Last accessed at 23/10/2016},
}

@misc{AndroidLayouts, 
  title={Layouts}, 
  author={Android Developer Site}, 
  year={2016},
  howpublished = {\url{https://developer.android.com/guide/topics/ui/declaring-layout.html}},
  note = {Last accessed at 23/10/2016},
}

% --------------- rever bibliografias abaixo se mantém, estão duplicadas ou não

@book{Gamma:1995:DPE:186897,
  author = {Gamma, Erich and Helm, Richard and Johnson, Ralph and Vlissides, John},
  title = {Design Patterns: Elements of Reusable Object-oriented Software},
  year = {1995},
  isbn = {0-201-63361-2},
  publisher = {Addison-Wesley Longman Publishing Co., Inc.},
  address = {Boston, MA, USA},
} 

@book{RefactoringFowler1999,
  title = {Refactoring: Improving the Design of Existing Code},
  year = {1999},
  isbn = {0-201-48567-2},
  publisher = {Addison-Wesley Longman Publishing Co., Inc.},
  address = {Boston, MA, USA},
} 

% God Class
@book{riel1996object,
  title={Object-oriented Design Heuristics},
  author={Riel, A.J.},
  isbn={9780201633856},
  lccn={lc95048396},
  url={https://books.google.com.br/books?id=oHkhAQAAIAAJ},
  year={1996},
  publisher={Addison-Wesley Publishing Company}
}

@PHDTHESIS{MobileSmells:13,
  title={Code Smells in the Mobile Applications Domain},
  author={Dani\"el Verloop},
  year={2013},
  school={TU Delft, Delft University of Technology}
}

@PHDTHESIS{CSSCodeSmell,
  title={Code Smells in Cascading Style Sheets: An Empirical Study and a Predictive Model},
  author={Golnaz Gharachorlu},
  year={2014},
  school={The University of British Columbia}
}

@PHDTHESIS{RefactoringAndImprovements:10,
  title={Evaluation and Improvement of Software Architecture: Identification of Design Problems in Object-Oriented Systems and Resolution through Refactorings},
  author={Nikolaos Tsantalis},
  month = Aug,
  year={2010},
  school={University of Macedonia}
}

@ARTICLE{MvcSmells:16,
  author = {Maurício Aniche and Bavota G. and Treude C. and Van Deursen A. and Gerosa M.},
  title = {A Validated Set of Smells in Model-View-Controller Architectures},
  year = {2016}
}

@MISC{CodeSmell:06,
  author = {Martin Fowler},
  title = {Code Smell},
  howpublished = {\url{http://martinfowler.com/bliki/CodeSmell.html}},
  year = {2006},
  month = Feb,
}

@MISC{ProcessoPesquisa:04,
  author = {M\'arcia R. T. L. Malheiros},
  title = {O Processo de Pesquisa na Gradua\c c\~ao},
  pages = {27},
  year = {2004},
  howpublished = {\url{http://www.profwillian.com/_diversos/download/prof/marciarita/pesquisa_na_graduacao.pdf}},
  note = {Last accessed at 20/07/2016}
}

@MISC{TipoPesquisa:01,
  author = {Marco A. Togatlian},
  title = {Tipos de Pesquisa},
  year = {2001},
  howpublished = {\url{http://www.togatlian.pro.br/docs/pos/unesa/tipos.pdf}},
  note = {Last accessed at 20/07/2016}
}

@BOOK{Refactoring:99,
  author = {Martin Fowler},
  title = {Refactoring. Improving the Design of Existing Code},
  publisher = {Addison-Wesley},
  year = {1999}
}

@ARTICLE{SmartSociety:13,
  author = {Muhammad Sarwar and Tariq R. Soomro},
  title = {Impact of Smartphone's on Society},
  journal = {European Journal of Scientific Research},
  year = {2013},
  month = Mar,
  volume = {98},
  number = {2},
  pages = {216-226},
  note = {\url{http://www.europeanjournalofscientificresearch.com}},
}

% Mobile Apps (market shares, apps qt and downloads) -----------------------------------------------------------

% 84,1% Android Marketshare
@MISC{MobileMarketShares:16,
  title = {Gartner Says Worldwide Smartphone Sales Grew 3.9 Percent in First Quarter of 2016},
  howpublished = {\url{http://www.gartner.com/newsroom/id/3323017}},
  month = May,
  year = {2016},
  note = {Last accessed at 23/07/2016}
}

% Mobile Marketshare até 2015 (ref não usada)
@MISC{MobileMarketShareIDC:15,
  title = {Smartphone OS Market Share, 2015 Q2},
  howpublished = {\url{http://www.idc.com/prodserv/smartphone-os-market-share.jsp}},
  year = {2015},
  note = {Last accessed at 26/07/2016}
}

% 83,7% Android Marketshare até 2016
@MISC{GrowthForecastIDC:16,
  title = {Worldwide Smartphone Growth Forecast to Slow to 3.1\% in 2016 as Focus Shifts to Device Lifecycles, According to IDC},
  howpublished = {\url{http://www.idc.com/getdoc.jsp?containerId=prUS41425416}},
  month = Jun,
  year = {2016},
  note = {Last accessed at 23/07/2016}
}

% 
@MISC{SmartphoneSales:09-16,
  title = {Global smartphone sales to end users from 1st quarter 2009 to 1st quarter 2016, by operating system (in million units)},
  year = {2016},
  publisher = {Statista.com},
  howpublished = {\url{http://www.statista.com/statistics/266219/global-smartphone-sales-since-1st-quarter-2009-by-operating-system/}},
  note = {Last accessed at 24/07/2016}
}
% 
@MISC{PercentSmartphoneSales:09-16,
  title = {Global mobile OS market share in sales to end users from 1st quarter 2009 to 1st quarter 2016)},
  year = {2016},
  publisher = {Statista.com},
  howpublished = {\url{http://www.statista.com/statistics/266136/global-market-share-held-by-smartphone-operating-systems/}},
  note = {Last accessed at 24/07/2016}
}
% 
@MISC{AppInPlayStore:09-16,
  title = {Number of available applications in the Google Play Store from December 2009 to February 2016},
  year = {2016},
  publisher = {Statista.com},
  howpublished = {\url{http://www.statista.com/statistics/266210/number-of-available-applications-in-the-google-play-store/}},
  note = {Last accessed at 24/07/2016}
}

% Adroid Auto, TV SmartWtatch
@MISC{AndroidAuto:16,
  title = {Ford ter\'a Apple CarPlay e Android Auto em todos os modelos nos EUA},
  year = {2016},
  howpublished = {\url{http://g1.globo.com/carros/noticia/2016/07/ford-tera-apple-carplay-e-android-auto-em-todos-os-modelos-nos-eua.html}},
  note = {Last accessed at 26/07/2016}
}

% 
@MISC{AndroidSmart:14,
  title = {Google Android software spreading to cars, watches, TV},
  month = Jun,
  year = {2014},
  howpublished = {\url{http://phys.org/news/2014-06-google-android-software-cars-tv.html}},
  note = {Last accessed at 26/07/2016}
}

% Downaload de apps
% 
@MISC{AppAnnie:16,
  title = {App Annie Index Market Q1 2016: China Takes Japan’s \#2 Spot for iOS Revenue},
  month = Apr,
  year = {2016},
  howpublished = {\url{https://www.appannie.com/insights/market-data/app-annie-index-market-q1-2016/}},
  note = {Last accessed at 30/08/2016}
}

% Android Device/Brand fragmentation
@MISC{AndroidFragmentation,
  title = {Android Fragmentation Visualized},
  month = Aug,
  year = {2015},
  howpublished = {\url{http://opensignal.com/reports/2015/08/android-fragmentation/}},
  note = {Last accessed at 12/09/2016}
}