
@ARTICLE{Zhang2013,
  author = {Feng Zhang and Audris Mockus and Ying Zou and Foutse Khomh and Ahmed E Hassan},
  title = {How does context affect the distribution of software maintainability metrics\?},
  journal = {In IEEE International Conference on Software Maintenance, páginas 350–359. IEEE},
  year={2013},
  note = {Encontrado na dissertação do Aniche}
}
